{
    "symbol": "CCJ",
    "annualReports": [
        {
            "fiscalDateEnding": "2022-12-31",
            "reportedCurrency": "USD",
            "grossProfit": "233291000",
            "totalRevenue": "1868003000",
            "costOfRevenue": "1634712000",
            "costofGoodsAndServicesSold": "1634712000",
            "operatingIncome": "130362000",
            "sellingGeneralAndAdministrative": "172029000",
            "researchAndDevelopment": "12175000",
            "operatingExpenses": "217726000",
            "investmentIncomeNet": "None",
            "netInterestIncome": "-48229000",
            "interestIncome": "92611000",
            "interestExpense": "69038000",
            "nonInterestIncome": "None",
            "otherNonOperatingIncome": "None",
            "depreciation": "None",
            "depreciationAndAmortization": "177376000",
            "incomeBeforeTax": "84795000",
            "incomeTaxExpense": "-4469000",
            "interestAndDebtExpense": "None",
            "netIncomeFromContinuingOperations": "89264000",
            "comprehensiveIncomeNetOfTax": "None",
            "ebit": "130362000",
            "ebitda": "307738000",
            "netIncome": "89382000"
        },
        {
            "fiscalDateEnding": "2021-12-31",
            "reportedCurrency": "CAD",
            "grossProfit": "1934000",
            "totalRevenue": "1474984000",
            "costOfRevenue": "1473050000",
            "costofGoodsAndServicesSold": "1473050000",
            "operatingIncome": "-52316000",
            "sellingGeneralAndAdministrative": "127566000",
            "researchAndDevelopment": "7168000",
            "operatingExpenses": "113134000",
            "investmentIncomeNet": "None",
            "netInterestIncome": "-69808000",
            "interestIncome": "6804000",
            "interestExpense": "60711000",
            "nonInterestIncome": "None",
            "otherNonOperatingIncome": "None",
            "depreciation": "None",
            "depreciationAndAmortization": "190415000",
            "incomeBeforeTax": "-103855000",
            "incomeTaxExpense": "-1201000",
            "interestAndDebtExpense": "None",
            "netIncomeFromContinuingOperations": "-102654000",
            "comprehensiveIncomeNetOfTax": "None",
            "ebit": "-52316000",
            "ebitda": "138099000",
            "netIncome": "-102654000"
        },
        {
            "fiscalDateEnding": "2020-12-31",
            "reportedCurrency": "USD",
            "grossProfit": "106449000",
            "totalRevenue": "1800073000",
            "costOfRevenue": "1693624000",
            "costofGoodsAndServicesSold": "1693624000",
            "operatingIncome": "-6745000",
            "sellingGeneralAndAdministrative": "145344000",
            "researchAndDevelopment": "3965000",
            "operatingExpenses": "146756000",
            "investmentIncomeNet": "None",
            "netInterestIncome": "-85298000",
            "interestIncome": "10835000",
            "interestExpense": "57743000",
            "nonInterestIncome": "None",
            "otherNonOperatingIncome": "None",
            "depreciation": "None",
            "depreciationAndAmortization": "208662000",
            "incomeBeforeTax": "-39531000",
            "incomeTaxExpense": "13666000",
            "interestAndDebtExpense": "None",
            "netIncomeFromContinuingOperations": "-53197000",
            "comprehensiveIncomeNetOfTax": "None",
            "ebit": "-6745000",
            "ebitda": "201917000",
            "netIncome": "-53197000"
        },
        {
            "fiscalDateEnding": "2019-12-31",
            "reportedCurrency": "USD",
            "grossProfit": "241625000",
            "totalRevenue": "1862925000",
            "costOfRevenue": "1621300000",
            "costofGoodsAndServicesSold": "1621300000",
            "operatingIncome": "154703000",
            "sellingGeneralAndAdministrative": "124869000",
            "researchAndDevelopment": "6058000",
            "operatingExpenses": "147345000",
            "investmentIncomeNet": "None",
            "netInterestIncome": "-68862000",
            "interestIncome": "25292000",
            "interestExpense": "83925000",
            "nonInterestIncome": "None",
            "otherNonOperatingIncome": "0",
            "depreciation": "None",
            "depreciationAndAmortization": "275749000",
            "incomeBeforeTax": "135018000",
            "incomeTaxExpense": "61077000",
            "interestAndDebtExpense": "None",
            "netIncomeFromContinuingOperations": "73941000",
            "comprehensiveIncomeNetOfTax": "None",
            "ebit": "154703000",
            "ebitda": "430452000",
            "netIncome": "74000000"
        },
        {
            "fiscalDateEnding": "2018-12-31",
            "reportedCurrency": "USD",
            "grossProfit": "295748000",
            "totalRevenue": "2091661000",
            "costOfRevenue": "1795913000",
            "costofGoodsAndServicesSold": "1795913000",
            "operatingIncome": "70237000",
            "sellingGeneralAndAdministrative": "141552000",
            "researchAndDevelopment": "1757000",
            "operatingExpenses": "223208000",
            "investmentIncomeNet": "None",
            "netInterestIncome": "-89708000",
            "interestIncome": "73523000",
            "interestExpense": "96720000",
            "nonInterestIncome": "None",
            "otherNonOperatingIncome": "0",
            "depreciation": "None",
            "depreciationAndAmortization": "327973000",
            "incomeBeforeTax": "39929000",
            "incomeTaxExpense": "-126306000",
            "interestAndDebtExpense": "None",
            "netIncomeFromContinuingOperations": "166235000",
            "comprehensiveIncomeNetOfTax": "None",
            "ebit": "136737000",
            "ebitda": "464710000",
            "netIncome": "166323000"
        }
    ],
    "quarterlyReports": [
        {
            "fiscalDateEnding": "2023-03-31",
            "reportedCurrency": "USD",
            "grossProfit": "167180000",
            "totalRevenue": "686975000",
            "costOfRevenue": "519795000",
            "costofGoodsAndServicesSold": "519795000",
            "operatingIncome": "174900000",
            "sellingGeneralAndAdministrative": "64011000",
            "researchAndDevelopment": "4232000",
            "operatingExpenses": "72475000",
            "investmentIncomeNet": "None",
            "netInterestIncome": "3943000",
            "interestIncome": "73383000",
            "interestExpense": "19716000",
            "nonInterestIncome": "None",
            "otherNonOperatingIncome": "None",
            "depreciation": "None",
            "depreciationAndAmortization": "76373000",
            "incomeBeforeTax": "154868000",
            "incomeTaxExpense": "35904000",
            "interestAndDebtExpense": "None",
            "netIncomeFromContinuingOperations": "118964000",
            "comprehensiveIncomeNetOfTax": "None",
            "ebit": "174900000",
            "ebitda": "251273000",
            "netIncome": "118969000"
        },
        {
            "fiscalDateEnding": "2022-12-31",
            "reportedCurrency": "USD",
            "grossProfit": "65386000",
            "totalRevenue": "523729000",
            "costOfRevenue": "458343000",
            "costofGoodsAndServicesSold": "458343000",
            "operatingIncome": "-24395000",
            "sellingGeneralAndAdministrative": "29261000",
            "researchAndDevelopment": "2879000",
            "operatingExpenses": "122777000",
            "investmentIncomeNet": "None",
            "netInterestIncome": "-1739000",
            "interestIncome": "51714000",
            "interestExpense": "18962000",
            "nonInterestIncome": "None",
            "otherNonOperatingIncome": "None",
            "depreciation": "None",
            "depreciationAndAmortization": "28004000",
            "incomeBeforeTax": "-19933000",
            "incomeTaxExpense": "-4510000",
            "interestAndDebtExpense": "None",
            "netIncomeFromContinuingOperations": "-15423000",
            "comprehensiveIncomeNetOfTax": "None",
            "ebit": "-24395000",
            "ebitda": "3609000",
            "netIncome": "-15423000"
        },
        {
            "fiscalDateEnding": "2022-09-30",
            "reportedCurrency": "CAD",
            "grossProfit": "25148000",
            "totalRevenue": "388659000",
            "costOfRevenue": "363511000",
            "costofGoodsAndServicesSold": "363511000",
            "operatingIncome": "-4197000",
            "sellingGeneralAndAdministrative": "61141000",
            "researchAndDevelopment": "3130000",
            "operatingExpenses": "42874000",
            "investmentIncomeNet": "None",
            "netInterestIncome": "-13820000",
            "interestIncome": "14143000",
            "interestExpense": "18662000",
            "nonInterestIncome": "None",
            "otherNonOperatingIncome": "None",
            "depreciation": "None",
            "depreciationAndAmortization": "47574000",
            "incomeBeforeTax": "-44651000",
            "incomeTaxExpense": "-25117000",
            "interestAndDebtExpense": "None",
            "netIncomeFromContinuingOperations": "-19534000",
            "comprehensiveIncomeNetOfTax": "None",
            "ebit": "-4197000",
            "ebitda": "43377000",
            "netIncome": "-19534000"
        },
        {
            "fiscalDateEnding": "2022-06-30",
            "reportedCurrency": "CAD",
            "grossProfit": "92931000",
            "totalRevenue": "557577000",
            "costOfRevenue": "464646000",
            "costofGoodsAndServicesSold": "464646000",
            "operatingIncome": "83951000",
            "sellingGeneralAndAdministrative": "23847000",
            "researchAndDevelopment": "3365000",
            "operatingExpenses": "8848000",
            "investmentIncomeNet": "None",
            "netInterestIncome": "-15890000",
            "interestIncome": "4478000",
            "interestExpense": "16479000",
            "nonInterestIncome": "None",
            "otherNonOperatingIncome": "None",
            "depreciation": "None",
            "depreciationAndAmortization": "88421000",
            "incomeBeforeTax": "110515000",
            "incomeTaxExpense": "26578000",
            "interestAndDebtExpense": "None",
            "netIncomeFromContinuingOperations": "83937000",
            "comprehensiveIncomeNetOfTax": "None",
            "ebit": "83951000",
            "ebitda": "172372000",
            "netIncome": "83979000"
        },
        {
            "fiscalDateEnding": "2022-03-31",
            "reportedCurrency": "CAD",
            "grossProfit": "49826000",
            "totalRevenue": "398038000",
            "costOfRevenue": "348212000",
            "costofGoodsAndServicesSold": "348212000",
            "operatingIncome": "47778000",
            "sellingGeneralAndAdministrative": "57780000",
            "researchAndDevelopment": "2801000",
            "operatingExpenses": "43226000",
            "investmentIncomeNet": "None",
            "netInterestIncome": "-16779000",
            "interestIncome": "1951000",
            "interestExpense": "14934000",
            "nonInterestIncome": "None",
            "otherNonOperatingIncome": "None",
            "depreciation": "None",
            "depreciationAndAmortization": "40601000",
            "incomeBeforeTax": "38865000",
            "incomeTaxExpense": "-1419000",
            "interestAndDebtExpense": "None",
            "netIncomeFromContinuingOperations": "40284000",
            "comprehensiveIncomeNetOfTax": "None",
            "ebit": "47778000",
            "ebitda": "88379000",
            "netIncome": "40284000"
        },
        {
            "fiscalDateEnding": "2021-12-31",
            "reportedCurrency": "CAD",
            "grossProfit": "55844000",
            "totalRevenue": "464547000",
            "costOfRevenue": "408703000",
            "costofGoodsAndServicesSold": "408703000",
            "operatingIncome": "35148000",
            "sellingGeneralAndAdministrative": "37082000",
            "researchAndDevelopment": "1783000",
            "operatingExpenses": "50991000",
            "investmentIncomeNet": "None",
            "netInterestIncome": "-18637000",
            "interestIncome": "1394000",
            "interestExpense": "15644000",
            "nonInterestIncome": "None",
            "otherNonOperatingIncome": "None",
            "depreciation": "None",
            "depreciationAndAmortization": "50505000",
            "incomeBeforeTax": "19472000",
            "incomeTaxExpense": "8277000",
            "interestAndDebtExpense": "None",
            "netIncomeFromContinuingOperations": "11195000",
            "comprehensiveIncomeNetOfTax": "None",
            "ebit": "35148000",
            "ebitda": "85653000",
            "netIncome": "11195000"
        },
        {
            "fiscalDateEnding": "2021-09-30",
            "reportedCurrency": "CAD",
            "grossProfit": "-26115000",
            "totalRevenue": "361216000",
            "costOfRevenue": "387331000",
            "costofGoodsAndServicesSold": "387331000",
            "operatingIncome": "-64853000",
            "sellingGeneralAndAdministrative": "39522000",
            "researchAndDevelopment": "1794000",
            "operatingExpenses": "41912000",
            "investmentIncomeNet": "None",
            "netInterestIncome": "-17298000",
            "interestIncome": "1635000",
            "interestExpense": "15184000",
            "nonInterestIncome": "None",
            "otherNonOperatingIncome": "None",
            "depreciation": "None",
            "depreciationAndAmortization": "50774000",
            "incomeBeforeTax": "-74600000",
            "incomeTaxExpense": "-2477000",
            "interestAndDebtExpense": "None",
            "netIncomeFromContinuingOperations": "-72123000",
            "comprehensiveIncomeNetOfTax": "None",
            "ebit": "-59409000",
            "ebitda": "-8635000",
            "netIncome": "-72116000"
        },
        {
            "fiscalDateEnding": "2021-06-30",
            "reportedCurrency": "CAD",
            "grossProfit": "12008000",
            "totalRevenue": "359205000",
            "costOfRevenue": "347197000",
            "costofGoodsAndServicesSold": "347197000",
            "operatingIncome": "-38181000",
            "sellingGeneralAndAdministrative": "39762000",
            "researchAndDevelopment": "3112000",
            "operatingExpenses": "40883000",
            "investmentIncomeNet": "None",
            "netInterestIncome": "-17469000",
            "interestIncome": "2772000",
            "interestExpense": "16027000",
            "nonInterestIncome": "None",
            "otherNonOperatingIncome": "None",
            "depreciation": "None",
            "depreciationAndAmortization": "39778000",
            "incomeBeforeTax": "-41743000",
            "incomeTaxExpense": "-4970000",
            "interestAndDebtExpense": "None",
            "netIncomeFromContinuingOperations": "-36773000",
            "comprehensiveIncomeNetOfTax": "None",
            "ebit": "-25702000",
            "ebitda": "14076000",
            "netIncome": "-36759000"
        },
        {
            "fiscalDateEnding": "2021-03-31",
            "reportedCurrency": "USD",
            "grossProfit": "-39804000",
            "totalRevenue": "290016000",
            "costOfRevenue": "329820000",
            "costofGoodsAndServicesSold": "329820000",
            "operatingIncome": "-31010000",
            "sellingGeneralAndAdministrative": "11199000",
            "researchAndDevelopment": "479000",
            "operatingExpenses": "-20652000",
            "investmentIncomeNet": "None",
            "netInterestIncome": "-16403000",
            "interestIncome": "20049000",
            "interestExpense": "13856000",
            "nonInterestIncome": "None",
            "otherNonOperatingIncome": "None",
            "depreciation": "None",
            "depreciationAndAmortization": "49358000",
            "incomeBeforeTax": "-6984000",
            "incomeTaxExpense": "-2031000",
            "interestAndDebtExpense": "None",
            "netIncomeFromContinuingOperations": "-4953000",
            "comprehensiveIncomeNetOfTax": "None",
            "ebit": "6896000",
            "ebitda": "56254000",
            "netIncome": "-4929000"
        },
        {
            "fiscalDateEnding": "2020-12-31",
            "reportedCurrency": "USD",
            "grossProfit": "108732000",
            "totalRevenue": "550356000",
            "costOfRevenue": "441624000",
            "costofGoodsAndServicesSold": "441624000",
            "operatingIncome": "57881000",
            "sellingGeneralAndAdministrative": "45271000",
            "researchAndDevelopment": "2297000",
            "operatingExpenses": "12941000",
            "investmentIncomeNet": "None",
            "netInterestIncome": "-41999000",
            "interestIncome": "1356000",
            "interestExpense": "15271000",
            "nonInterestIncome": "None",
            "otherNonOperatingIncome": "None",
            "depreciation": "None",
            "depreciationAndAmortization": "75386000",
            "incomeBeforeTax": "106562000",
            "incomeTaxExpense": "26743000",
            "interestAndDebtExpense": "None",
            "netIncomeFromContinuingOperations": "79819000",
            "comprehensiveIncomeNetOfTax": "None",
            "ebit": "121841000",
            "ebitda": "197227000",
            "netIncome": "79827000"
        },
        {
            "fiscalDateEnding": "2020-09-30",
            "reportedCurrency": "USD",
            "grossProfit": "-23646000",
            "totalRevenue": "378870000",
            "costOfRevenue": "402516000",
            "costofGoodsAndServicesSold": "402516000",
            "operatingIncome": "-63886000",
            "sellingGeneralAndAdministrative": "30414000",
            "researchAndDevelopment": "493000",
            "operatingExpenses": "39682000",
            "investmentIncomeNet": "None",
            "netInterestIncome": "-15539000",
            "interestIncome": "3704000",
            "interestExpense": "13299000",
            "nonInterestIncome": "None",
            "otherNonOperatingIncome": "None",
            "depreciation": "None",
            "depreciationAndAmortization": "29655000",
            "incomeBeforeTax": "-66249000",
            "incomeTaxExpense": "-5477000",
            "interestAndDebtExpense": "None",
            "netIncomeFromContinuingOperations": "-60772000",
            "comprehensiveIncomeNetOfTax": "None",
            "ebit": "-52948000",
            "ebitda": "-23293000",
            "netIncome": "-60770000"
        },
        {
            "fiscalDateEnding": "2020-06-30",
            "reportedCurrency": "USD",
            "grossProfit": "-14075000",
            "totalRevenue": "525294000",
            "costOfRevenue": "539369000",
            "costofGoodsAndServicesSold": "539369000",
            "operatingIncome": "-75407000",
            "sellingGeneralAndAdministrative": "35947000",
            "researchAndDevelopment": "421000",
            "operatingExpenses": "61365000",
            "investmentIncomeNet": "None",
            "netInterestIncome": "-14629000",
            "interestIncome": "14706000",
            "interestExpense": "13580000",
            "nonInterestIncome": "None",
            "otherNonOperatingIncome": "None",
            "depreciation": "None",
            "depreciationAndAmortization": "49015000",
            "incomeBeforeTax": "-67096000",
            "incomeTaxExpense": "-14100000",
            "interestAndDebtExpense": "None",
            "netIncomeFromContinuingOperations": "-52996000",
            "comprehensiveIncomeNetOfTax": "None",
            "ebit": "-53522000",
            "ebitda": "-4507000",
            "netIncome": "-53002000"
        },
        {
            "fiscalDateEnding": "2020-03-31",
            "reportedCurrency": "USD",
            "grossProfit": "35439000",
            "totalRevenue": "345553000",
            "costOfRevenue": "310114000",
            "costofGoodsAndServicesSold": "310114000",
            "operatingIncome": "2690000",
            "sellingGeneralAndAdministrative": "33711000",
            "researchAndDevelopment": "754000",
            "operatingExpenses": "32765000",
            "investmentIncomeNet": "None",
            "netInterestIncome": "-13132000",
            "interestIncome": "7275000",
            "interestExpense": "15593000",
            "nonInterestIncome": "None",
            "otherNonOperatingIncome": "None",
            "depreciation": "None",
            "depreciationAndAmortization": "54606000",
            "incomeBeforeTax": "-12749000",
            "incomeTaxExpense": "6500000",
            "interestAndDebtExpense": "None",
            "netIncomeFromContinuingOperations": "-19249000",
            "comprehensiveIncomeNetOfTax": "None",
            "ebit": "2869000",
            "ebitda": "57475000",
            "netIncome": "-19224000"
        },
        {
            "fiscalDateEnding": "2019-12-31",
            "reportedCurrency": "USD",
            "grossProfit": "184358000",
            "totalRevenue": "874443000",
            "costOfRevenue": "690085000",
            "costofGoodsAndServicesSold": "690085000",
            "operatingIncome": "170502000",
            "sellingGeneralAndAdministrative": "34427000",
            "researchAndDevelopment": "1812000",
            "operatingExpenses": "12059000",
            "investmentIncomeNet": "None",
            "netInterestIncome": "-12618000",
            "interestIncome": "12791000",
            "interestExpense": "13459000",
            "nonInterestIncome": "None",
            "otherNonOperatingIncome": "0",
            "depreciation": "None",
            "depreciationAndAmortization": "105997000",
            "incomeBeforeTax": "176956000",
            "incomeTaxExpense": "48618000",
            "interestAndDebtExpense": "None",
            "netIncomeFromContinuingOperations": "128338000",
            "comprehensiveIncomeNetOfTax": "None",
            "ebit": "190432000",
            "ebitda": "296429000",
            "netIncome": "128355000"
        },
        {
            "fiscalDateEnding": "2019-09-30",
            "reportedCurrency": "USD",
            "grossProfit": "-2036000",
            "totalRevenue": "303180000",
            "costOfRevenue": "305216000",
            "costofGoodsAndServicesSold": "305216000",
            "operatingIncome": "-35403000",
            "sellingGeneralAndAdministrative": "24403000",
            "researchAndDevelopment": "1524000",
            "operatingExpenses": "33095000",
            "investmentIncomeNet": "None",
            "netInterestIncome": "-15167000",
            "interestIncome": "10671000",
            "interestExpense": "21445000",
            "nonInterestIncome": "None",
            "otherNonOperatingIncome": "0",
            "depreciation": "None",
            "depreciationAndAmortization": "69417000",
            "incomeBeforeTax": "-3187000",
            "incomeTaxExpense": "10295000",
            "interestAndDebtExpense": "None",
            "netIncomeFromContinuingOperations": "-13482000",
            "comprehensiveIncomeNetOfTax": "None",
            "ebit": "18273000",
            "ebitda": "87690000",
            "netIncome": "-13467000"
        },
        {
            "fiscalDateEnding": "2019-06-30",
            "reportedCurrency": "USD",
            "grossProfit": "42103000",
            "totalRevenue": "387769000",
            "costOfRevenue": "345666000",
            "costofGoodsAndServicesSold": "345666000",
            "operatingIncome": "-16500000",
            "sellingGeneralAndAdministrative": "30218000",
            "researchAndDevelopment": "1040000",
            "operatingExpenses": "58492000",
            "investmentIncomeNet": "None",
            "netInterestIncome": "-20769000",
            "interestIncome": "4979000",
            "interestExpense": "23615000",
            "nonInterestIncome": "None",
            "otherNonOperatingIncome": "0",
            "depreciation": "None",
            "depreciationAndAmortization": "59754000",
            "incomeBeforeTax": "-20902000",
            "incomeTaxExpense": "1697000",
            "interestAndDebtExpense": "None",
            "netIncomeFromContinuingOperations": "-22599000",
            "comprehensiveIncomeNetOfTax": "None",
            "ebit": "2723000",
            "ebitda": "62477000",
            "netIncome": "-22589000"
        },
        {
            "fiscalDateEnding": "2019-03-31",
            "reportedCurrency": "USD",
            "grossProfit": "17199000",
            "totalRevenue": "297533000",
            "costOfRevenue": "280334000",
            "costofGoodsAndServicesSold": "280334000",
            "operatingIncome": "-26190000",
            "sellingGeneralAndAdministrative": "35822000",
            "researchAndDevelopment": "1682000",
            "operatingExpenses": "43699000",
            "investmentIncomeNet": "None",
            "netInterestIncome": "-20309000",
            "interestIncome": "18195000",
            "interestExpense": "25341000",
            "nonInterestIncome": "None",
            "otherNonOperatingIncome": "0",
            "depreciation": "None",
            "depreciationAndAmortization": "40581000",
            "incomeBeforeTax": "-17850000",
            "incomeTaxExpense": "468000",
            "interestAndDebtExpense": "None",
            "netIncomeFromContinuingOperations": "-18318000",
            "comprehensiveIncomeNetOfTax": "None",
            "ebit": "7509000",
            "ebitda": "48090000",
            "netIncome": "-18300000"
        },
        {
            "fiscalDateEnding": "2018-12-31",
            "reportedCurrency": "USD",
            "grossProfit": "207154000",
            "totalRevenue": "831334000",
            "costOfRevenue": "624180000",
            "costofGoodsAndServicesSold": "624180000",
            "operatingIncome": "153989000",
            "sellingGeneralAndAdministrative": "35746000",
            "researchAndDevelopment": "2609000",
            "operatingExpenses": "51387000",
            "investmentIncomeNet": "None",
            "netInterestIncome": "None",
            "interestIncome": "None",
            "interestExpense": "24761000",
            "nonInterestIncome": "None",
            "otherNonOperatingIncome": "0",
            "depreciation": "None",
            "depreciationAndAmortization": "96906000",
            "incomeBeforeTax": "139631000",
            "incomeTaxExpense": "-20208000",
            "interestAndDebtExpense": "None",
            "netIncomeFromContinuingOperations": "63013078.20",
            "comprehensiveIncomeNetOfTax": "None",
            "ebit": "164425000",
            "ebitda": "261331000",
            "netIncome": "159872000"
        },
        {
            "fiscalDateEnding": "2018-09-30",
            "reportedCurrency": "USD",
            "grossProfit": "-5755000",
            "totalRevenue": "487644000",
            "costOfRevenue": "493399000",
            "costofGoodsAndServicesSold": "493399000",
            "operatingIncome": "-54626000",
            "sellingGeneralAndAdministrative": "39444000",
            "researchAndDevelopment": "187000",
            "operatingExpenses": "49013000",
            "investmentIncomeNet": "None",
            "netInterestIncome": "None",
            "interestIncome": "None",
            "interestExpense": "24161000",
            "nonInterestIncome": "None",
            "otherNonOperatingIncome": "0",
            "depreciation": "None",
            "depreciationAndAmortization": "99888000",
            "incomeBeforeTax": "-59025000",
            "incomeTaxExpense": "-87132000",
            "interestAndDebtExpense": "None",
            "netIncomeFromContinuingOperations": "21938026.85",
            "comprehensiveIncomeNetOfTax": "None",
            "ebit": "-34847000",
            "ebitda": "65041000",
            "netIncome": "28124000"
        },
        {
            "fiscalDateEnding": "2018-06-30",
            "reportedCurrency": "USD",
            "grossProfit": "26062000",
            "totalRevenue": "333290000",
            "costOfRevenue": "307228000",
            "costofGoodsAndServicesSold": "307228000",
            "operatingIncome": "-51757000",
            "sellingGeneralAndAdministrative": "31417000",
            "researchAndDevelopment": "2228000",
            "operatingExpenses": "77286000",
            "investmentIncomeNet": "None",
            "netInterestIncome": "None",
            "interestIncome": "None",
            "interestExpense": "23998000",
            "nonInterestIncome": "None",
            "otherNonOperatingIncome": "None",
            "depreciation": "None",
            "depreciationAndAmortization": "69853000",
            "incomeBeforeTax": "-88134000",
            "incomeTaxExpense": "-11632000",
            "interestAndDebtExpense": "None",
            "netIncomeFromContinuingOperations": "-58017594.42",
            "comprehensiveIncomeNetOfTax": "None",
            "ebit": "-64115000",
            "ebitda": "5738000",
            "netIncome": "-76481000"
        },
        {
            "fiscalDateEnding": "2018-03-31",
            "reportedCurrency": "USD",
            "grossProfit": "68287000",
            "totalRevenue": "439393000",
            "costOfRevenue": "371106000",
            "costofGoodsAndServicesSold": "371106000",
            "operatingIncome": "22629000",
            "sellingGeneralAndAdministrative": "34946000",
            "researchAndDevelopment": "1190000",
            "operatingExpenses": "45523000",
            "investmentIncomeNet": "None",
            "netInterestIncome": "None",
            "interestIncome": "None",
            "interestExpense": "23800000",
            "nonInterestIncome": "None",
            "otherNonOperatingIncome": "None",
            "depreciation": "None",
            "depreciationAndAmortization": "61326000",
            "incomeBeforeTax": "47457000",
            "incomeTaxExpense": "-7333000",
            "interestAndDebtExpense": "None",
            "netIncomeFromContinuingOperations": "42430109.19",
            "comprehensiveIncomeNetOfTax": "None",
            "ebit": "71274000",
            "ebitda": "132600000",
            "netIncome": "54807000"
        }
    ]
}