{
    "symbol": "EH",
    "annualReports": [
        {
            "fiscalDateEnding": "2022-12-31",
            "reportedCurrency": "CNY",
            "grossProfit": "29219000",
            "totalRevenue": "44317000",
            "costOfRevenue": "15098000",
            "costofGoodsAndServicesSold": "15098000",
            "operatingIncome": "-303950000",
            "sellingGeneralAndAdministrative": "151065000",
            "researchAndDevelopment": "135082000",
            "operatingExpenses": "333169000",
            "investmentIncomeNet": "None",
            "netInterestIncome": "850000",
            "interestIncome": "4669000",
            "interestExpense": "3819000",
            "nonInterestIncome": "None",
            "otherNonOperatingIncome": "None",
            "depreciation": "None",
            "depreciationAndAmortization": "-20191000",
            "incomeBeforeTax": "-329448000",
            "incomeTaxExpense": "79000",
            "interestAndDebtExpense": "None",
            "netIncomeFromContinuingOperations": "-329331000",
            "comprehensiveIncomeNetOfTax": "None",
            "ebit": "-303950000",
            "ebitda": "-324141000",
            "netIncome": "-329527000"
        },
        {
            "fiscalDateEnding": "2021-12-31",
            "reportedCurrency": "CNY",
            "grossProfit": "36030000",
            "totalRevenue": "56807000",
            "costOfRevenue": "20777000",
            "costofGoodsAndServicesSold": "20777000",
            "operatingIncome": "-320536000",
            "sellingGeneralAndAdministrative": "187388000",
            "researchAndDevelopment": "137148000",
            "operatingExpenses": "356566000",
            "investmentIncomeNet": "None",
            "netInterestIncome": "3340000",
            "interestIncome": "5143000",
            "interestExpense": "1803000",
            "nonInterestIncome": "None",
            "otherNonOperatingIncome": "None",
            "depreciation": "None",
            "depreciationAndAmortization": "9680000",
            "incomeBeforeTax": "-313486000",
            "incomeTaxExpense": "134000",
            "interestAndDebtExpense": "None",
            "netIncomeFromContinuingOperations": "-313896000",
            "comprehensiveIncomeNetOfTax": "None",
            "ebit": "-320536000",
            "ebitda": "-310856000",
            "netIncome": "-313620000"
        },
        {
            "fiscalDateEnding": "2020-12-31",
            "reportedCurrency": "CNY",
            "grossProfit": "106179000",
            "totalRevenue": "180093000",
            "costOfRevenue": "73914000",
            "costofGoodsAndServicesSold": "73914000",
            "operatingIncome": "-91296000",
            "sellingGeneralAndAdministrative": "61613000",
            "researchAndDevelopment": "105252000",
            "operatingExpenses": "197475000",
            "investmentIncomeNet": "None",
            "netInterestIncome": "1458000",
            "interestIncome": "3795000",
            "interestExpense": "2337000",
            "nonInterestIncome": "None",
            "otherNonOperatingIncome": "None",
            "depreciation": "None",
            "depreciationAndAmortization": "8087000",
            "incomeBeforeTax": "-92071000",
            "incomeTaxExpense": "206000",
            "interestAndDebtExpense": "None",
            "netIncomeFromContinuingOperations": "-92041000",
            "comprehensiveIncomeNetOfTax": "None",
            "ebit": "-91296000",
            "ebitda": "-83209000",
            "netIncome": "-92277000"
        },
        {
            "fiscalDateEnding": "2019-12-31",
            "reportedCurrency": "CNY",
            "grossProfit": "71218000",
            "totalRevenue": "121814000",
            "costOfRevenue": "50596000",
            "costofGoodsAndServicesSold": "50596000",
            "operatingIncome": "-46345000",
            "sellingGeneralAndAdministrative": "36948000",
            "researchAndDevelopment": "57167000",
            "operatingExpenses": "117563000",
            "investmentIncomeNet": "None",
            "netInterestIncome": "46000",
            "interestIncome": "883000",
            "interestExpense": "837000",
            "nonInterestIncome": "None",
            "otherNonOperatingIncome": "0",
            "depreciation": "None",
            "depreciationAndAmortization": "5580000",
            "incomeBeforeTax": "-47166000",
            "incomeTaxExpense": "754000",
            "interestAndDebtExpense": "None",
            "netIncomeFromContinuingOperations": "-47994000",
            "comprehensiveIncomeNetOfTax": "None",
            "ebit": "-46345000",
            "ebitda": "-40765000",
            "netIncome": "-47920000"
        },
        {
            "fiscalDateEnding": "2018-12-31",
            "reportedCurrency": "CNY",
            "grossProfit": "33747000",
            "totalRevenue": "66487000",
            "costOfRevenue": "32740000",
            "costofGoodsAndServicesSold": "32740000",
            "operatingIncome": "-74349000",
            "sellingGeneralAndAdministrative": "35939000",
            "researchAndDevelopment": "60276000",
            "operatingExpenses": "108096000",
            "investmentIncomeNet": "None",
            "netInterestIncome": "493000",
            "interestIncome": "1057000",
            "interestExpense": "564000",
            "nonInterestIncome": "None",
            "otherNonOperatingIncome": "0",
            "depreciation": "None",
            "depreciationAndAmortization": "5601000",
            "incomeBeforeTax": "-80225000",
            "incomeTaxExpense": "76000",
            "interestAndDebtExpense": "None",
            "netIncomeFromContinuingOperations": "-80463000",
            "comprehensiveIncomeNetOfTax": "None",
            "ebit": "-78473000",
            "ebitda": "-72872000",
            "netIncome": "-79113000"
        }
    ],
    "quarterlyReports": [
        {
            "fiscalDateEnding": "2023-03-31",
            "reportedCurrency": "CNY",
            "grossProfit": "14194000",
            "totalRevenue": "22201000",
            "costOfRevenue": "8007000",
            "costofGoodsAndServicesSold": "8007000",
            "operatingIncome": "-75746000",
            "sellingGeneralAndAdministrative": "24996000",
            "researchAndDevelopment": "54075000",
            "operatingExpenses": "89940000",
            "investmentIncomeNet": "None",
            "netInterestIncome": "-11754000",
            "interestIncome": "983000",
            "interestExpense": "12737000",
            "nonInterestIncome": "None",
            "otherNonOperatingIncome": "None",
            "depreciation": "None",
            "depreciationAndAmortization": "1634000",
            "incomeBeforeTax": "-86945000",
            "incomeTaxExpense": "1000",
            "interestAndDebtExpense": "None",
            "netIncomeFromContinuingOperations": "-87036000",
            "comprehensiveIncomeNetOfTax": "None",
            "ebit": "-75746000",
            "ebitda": "-74112000",
            "netIncome": "-86946000"
        },
        {
            "fiscalDateEnding": "2022-12-31",
            "reportedCurrency": "CNY",
            "grossProfit": "10365000",
            "totalRevenue": "15683000",
            "costOfRevenue": "5318000",
            "costofGoodsAndServicesSold": "5318000",
            "operatingIncome": "-92177000",
            "sellingGeneralAndAdministrative": "51437000",
            "researchAndDevelopment": "37097000",
            "operatingExpenses": "102542000",
            "investmentIncomeNet": "None",
            "netInterestIncome": "-1185000",
            "interestIncome": "1176000",
            "interestExpense": "2361000",
            "nonInterestIncome": "None",
            "otherNonOperatingIncome": "None",
            "depreciation": "None",
            "depreciationAndAmortization": "-16394000",
            "incomeBeforeTax": "-110178000",
            "incomeTaxExpense": "7000",
            "interestAndDebtExpense": "None",
            "netIncomeFromContinuingOperations": "-110103000",
            "comprehensiveIncomeNetOfTax": "None",
            "ebit": "-92177000",
            "ebitda": "-108571000",
            "netIncome": "-110185000"
        },
        {
            "fiscalDateEnding": "2022-09-30",
            "reportedCurrency": "CNY",
            "grossProfit": "5425000",
            "totalRevenue": "8226000",
            "costOfRevenue": "2801000",
            "costofGoodsAndServicesSold": "2801000",
            "operatingIncome": "-73663000",
            "sellingGeneralAndAdministrative": "36555000",
            "researchAndDevelopment": "31257000",
            "operatingExpenses": "79088000",
            "investmentIncomeNet": "None",
            "netInterestIncome": "441000",
            "interestIncome": "984000",
            "interestExpense": "543000",
            "nonInterestIncome": "None",
            "otherNonOperatingIncome": "None",
            "depreciation": "None",
            "depreciationAndAmortization": "-1538000",
            "incomeBeforeTax": "-76545000",
            "incomeTaxExpense": "73000",
            "interestAndDebtExpense": "None",
            "netIncomeFromContinuingOperations": "-76547000",
            "comprehensiveIncomeNetOfTax": "None",
            "ebit": "-73663000",
            "ebitda": "-75201000",
            "netIncome": "-76618000"
        },
        {
            "fiscalDateEnding": "2022-06-30",
            "reportedCurrency": "CNY",
            "grossProfit": "9813000",
            "totalRevenue": "14618000",
            "costOfRevenue": "4805000",
            "costofGoodsAndServicesSold": "4805000",
            "operatingIncome": "-74296000",
            "sellingGeneralAndAdministrative": "39563000",
            "researchAndDevelopment": "34727000",
            "operatingExpenses": "84109000",
            "investmentIncomeNet": "None",
            "netInterestIncome": "699000",
            "interestIncome": "1139000",
            "interestExpense": "440000",
            "nonInterestIncome": "None",
            "otherNonOperatingIncome": "None",
            "depreciation": "None",
            "depreciationAndAmortization": "1860000",
            "incomeBeforeTax": "-73894000",
            "incomeTaxExpense": "1000",
            "interestAndDebtExpense": "None",
            "netIncomeFromContinuingOperations": "-73865000",
            "comprehensiveIncomeNetOfTax": "None",
            "ebit": "-74296000",
            "ebitda": "-72436000",
            "netIncome": "-73895000"
        },
        {
            "fiscalDateEnding": "2022-03-31",
            "reportedCurrency": "CNY",
            "grossProfit": "3616000",
            "totalRevenue": "5790000",
            "costOfRevenue": "2174000",
            "costofGoodsAndServicesSold": "2174000",
            "operatingIncome": "-63814000",
            "sellingGeneralAndAdministrative": "23510000",
            "researchAndDevelopment": "32001000",
            "operatingExpenses": "67430000",
            "investmentIncomeNet": "None",
            "netInterestIncome": "895000",
            "interestIncome": "1370000",
            "interestExpense": "475000",
            "nonInterestIncome": "None",
            "otherNonOperatingIncome": "None",
            "depreciation": "None",
            "depreciationAndAmortization": "-4119000",
            "incomeBeforeTax": "-68831000",
            "incomeTaxExpense": "-2000",
            "interestAndDebtExpense": "None",
            "netIncomeFromContinuingOperations": "-68816000",
            "comprehensiveIncomeNetOfTax": "None",
            "ebit": "-63814000",
            "ebitda": "-67933000",
            "netIncome": "-68829000"
        },
        {
            "fiscalDateEnding": "2021-12-31",
            "reportedCurrency": "CNY",
            "grossProfit": "5227000",
            "totalRevenue": "8701000",
            "costOfRevenue": "3474000",
            "costofGoodsAndServicesSold": "3474000",
            "operatingIncome": "-106091000",
            "sellingGeneralAndAdministrative": "61675000",
            "researchAndDevelopment": "38826000",
            "operatingExpenses": "111318000",
            "investmentIncomeNet": "None",
            "netInterestIncome": "737000",
            "interestIncome": "1198000",
            "interestExpense": "461000",
            "nonInterestIncome": "None",
            "otherNonOperatingIncome": "None",
            "depreciation": "None",
            "depreciationAndAmortization": "1133000",
            "incomeBeforeTax": "-104246000",
            "incomeTaxExpense": "5000",
            "interestAndDebtExpense": "None",
            "netIncomeFromContinuingOperations": "-104527000",
            "comprehensiveIncomeNetOfTax": "None",
            "ebit": "-106091000",
            "ebitda": "-104958000",
            "netIncome": "-104251000"
        },
        {
            "fiscalDateEnding": "2021-09-30",
            "reportedCurrency": "CNY",
            "grossProfit": "8010000",
            "totalRevenue": "12965000",
            "costOfRevenue": "4955000",
            "costofGoodsAndServicesSold": "4955000",
            "operatingIncome": "-73329000",
            "sellingGeneralAndAdministrative": "36845000",
            "researchAndDevelopment": "38699000",
            "operatingExpenses": "81339000",
            "investmentIncomeNet": "None",
            "netInterestIncome": "953000",
            "interestIncome": "1427000",
            "interestExpense": "474000",
            "nonInterestIncome": "None",
            "otherNonOperatingIncome": "None",
            "depreciation": "None",
            "depreciationAndAmortization": "None",
            "incomeBeforeTax": "-72239000",
            "incomeTaxExpense": "12000",
            "interestAndDebtExpense": "None",
            "netIncomeFromContinuingOperations": "-72251000",
            "comprehensiveIncomeNetOfTax": "None",
            "ebit": "-73329000",
            "ebitda": "-71489000",
            "netIncome": "-71975000"
        },
        {
            "fiscalDateEnding": "2021-06-30",
            "reportedCurrency": "CNY",
            "grossProfit": "8267000",
            "totalRevenue": "12164000",
            "costOfRevenue": "3897000",
            "costofGoodsAndServicesSold": "3897000",
            "operatingIncome": "-74910000",
            "sellingGeneralAndAdministrative": "42809000",
            "researchAndDevelopment": "31769000",
            "operatingExpenses": "83177000",
            "investmentIncomeNet": "None",
            "netInterestIncome": "87000",
            "interestIncome": "561000",
            "interestExpense": "474000",
            "nonInterestIncome": "None",
            "otherNonOperatingIncome": "None",
            "depreciation": "None",
            "depreciationAndAmortization": "None",
            "incomeBeforeTax": "-74593000",
            "incomeTaxExpense": "None",
            "interestAndDebtExpense": "None",
            "netIncomeFromContinuingOperations": "-74593000",
            "comprehensiveIncomeNetOfTax": "None",
            "ebit": "-74910000",
            "ebitda": "-73922000",
            "netIncome": "-74396000"
        },
        {
            "fiscalDateEnding": "2021-03-31",
            "reportedCurrency": "CNY",
            "grossProfit": "14526000",
            "totalRevenue": "22977000",
            "costOfRevenue": "8451000",
            "costofGoodsAndServicesSold": "8451000",
            "operatingIncome": "-66206000",
            "sellingGeneralAndAdministrative": "46059000",
            "researchAndDevelopment": "27854000",
            "operatingExpenses": "80732000",
            "investmentIncomeNet": "None",
            "netInterestIncome": "1563000",
            "interestIncome": "1957000",
            "interestExpense": "394000",
            "nonInterestIncome": "None",
            "otherNonOperatingIncome": "None",
            "depreciation": "None",
            "depreciationAndAmortization": "1211000",
            "incomeBeforeTax": "-62408000",
            "incomeTaxExpense": "117000",
            "interestAndDebtExpense": "None",
            "netIncomeFromContinuingOperations": "-62525000",
            "comprehensiveIncomeNetOfTax": "None",
            "ebit": "-61653000",
            "ebitda": "-60442000",
            "netIncome": "-62164000"
        },
        {
            "fiscalDateEnding": "2020-12-31",
            "reportedCurrency": "CNY",
            "grossProfit": "32450000",
            "totalRevenue": "54595000",
            "costOfRevenue": "22145000",
            "costofGoodsAndServicesSold": "22145000",
            "operatingIncome": "-49206000",
            "sellingGeneralAndAdministrative": "18613000",
            "researchAndDevelopment": "50945000",
            "operatingExpenses": "81656000",
            "investmentIncomeNet": "None",
            "netInterestIncome": "-21000",
            "interestIncome": "671000",
            "interestExpense": "692000",
            "nonInterestIncome": "None",
            "otherNonOperatingIncome": "None",
            "depreciation": "None",
            "depreciationAndAmortization": "1452000",
            "incomeBeforeTax": "-50492000",
            "incomeTaxExpense": "351000",
            "interestAndDebtExpense": "None",
            "netIncomeFromContinuingOperations": "-50843000",
            "comprehensiveIncomeNetOfTax": "None",
            "ebit": "-48143000",
            "ebitda": "-46691000",
            "netIncome": "-49186000"
        },
        {
            "fiscalDateEnding": "2020-09-30",
            "reportedCurrency": "CNY",
            "grossProfit": "42022000",
            "totalRevenue": "70980000",
            "costOfRevenue": "28958000",
            "costofGoodsAndServicesSold": "28958000",
            "operatingIncome": "-1810000",
            "sellingGeneralAndAdministrative": "16044000",
            "researchAndDevelopment": "19777000",
            "operatingExpenses": "43832000",
            "investmentIncomeNet": "None",
            "netInterestIncome": "69000",
            "interestIncome": "738000",
            "interestExpense": "669000",
            "nonInterestIncome": "None",
            "otherNonOperatingIncome": "None",
            "depreciation": "None",
            "depreciationAndAmortization": "1550000",
            "incomeBeforeTax": "-1352000",
            "incomeTaxExpense": "None",
            "interestAndDebtExpense": "None",
            "netIncomeFromContinuingOperations": "-1064000",
            "comprehensiveIncomeNetOfTax": "None",
            "ebit": "403000",
            "ebitda": "1953000",
            "netIncome": "-266000"
        },
        {
            "fiscalDateEnding": "2020-06-30",
            "reportedCurrency": "CNY",
            "grossProfit": "20553000",
            "totalRevenue": "35700000",
            "costOfRevenue": "15147000",
            "costofGoodsAndServicesSold": "15147000",
            "operatingIncome": "-19159000",
            "sellingGeneralAndAdministrative": "16348000",
            "researchAndDevelopment": "17870000",
            "operatingExpenses": "39712000",
            "investmentIncomeNet": "None",
            "netInterestIncome": "486000",
            "interestIncome": "974000",
            "interestExpense": "488000",
            "nonInterestIncome": "None",
            "otherNonOperatingIncome": "None",
            "depreciation": "None",
            "depreciationAndAmortization": "1620000",
            "incomeBeforeTax": "-19840000",
            "incomeTaxExpense": "-145000",
            "interestAndDebtExpense": "None",
            "netIncomeFromContinuingOperations": "-19728000",
            "comprehensiveIncomeNetOfTax": "None",
            "ebit": "-18274000",
            "ebitda": "-16654000",
            "netIncome": "-18617000"
        },
        {
            "fiscalDateEnding": "2020-03-31",
            "reportedCurrency": "CNY",
            "grossProfit": "11154000",
            "totalRevenue": "18818000",
            "costOfRevenue": "7664000",
            "costofGoodsAndServicesSold": "7664000",
            "operatingIncome": "-21121000",
            "sellingGeneralAndAdministrative": "10608000",
            "researchAndDevelopment": "16660000",
            "operatingExpenses": "32275000",
            "investmentIncomeNet": "None",
            "netInterestIncome": "924000",
            "interestIncome": "1412000",
            "interestExpense": "488000",
            "nonInterestIncome": "None",
            "otherNonOperatingIncome": "None",
            "depreciation": "None",
            "depreciationAndAmortization": "1570000",
            "incomeBeforeTax": "-20387000",
            "incomeTaxExpense": "627000",
            "interestAndDebtExpense": "None",
            "netIncomeFromContinuingOperations": "-20406000",
            "comprehensiveIncomeNetOfTax": "None",
            "ebit": "-19062000",
            "ebitda": "-17492000",
            "netIncome": "-19550000"
        },
        {
            "fiscalDateEnding": "2019-12-31",
            "reportedCurrency": "CNY",
            "grossProfit": "33196000",
            "totalRevenue": "54684000",
            "costOfRevenue": "21488000",
            "costofGoodsAndServicesSold": "21488000",
            "operatingIncome": "2145000",
            "sellingGeneralAndAdministrative": "9364000",
            "researchAndDevelopment": "15468000",
            "operatingExpenses": "31051000",
            "investmentIncomeNet": "None",
            "netInterestIncome": "-191000",
            "interestIncome": "237000",
            "interestExpense": "428000",
            "nonInterestIncome": "None",
            "otherNonOperatingIncome": "0",
            "depreciation": "None",
            "depreciationAndAmortization": "1488000",
            "incomeBeforeTax": "476000",
            "incomeTaxExpense": "627000",
            "interestAndDebtExpense": "None",
            "netIncomeFromContinuingOperations": "-156000",
            "comprehensiveIncomeNetOfTax": "None",
            "ebit": "-878000",
            "ebitda": "610000",
            "netIncome": "-1933000"
        },
        {
            "fiscalDateEnding": "2019-09-30",
            "reportedCurrency": "CNY",
            "grossProfit": "19071000",
            "totalRevenue": "34745000",
            "costOfRevenue": "15674000",
            "costofGoodsAndServicesSold": "15674000",
            "operatingIncome": "-10580000",
            "sellingGeneralAndAdministrative": "9692000",
            "researchAndDevelopment": "14123000",
            "operatingExpenses": "29651000",
            "investmentIncomeNet": "None",
            "netInterestIncome": "40000",
            "interestIncome": "150000",
            "interestExpense": "110000",
            "nonInterestIncome": "None",
            "otherNonOperatingIncome": "0",
            "depreciation": "None",
            "depreciationAndAmortization": "1388000",
            "incomeBeforeTax": "-10092000",
            "incomeTaxExpense": "49000",
            "interestAndDebtExpense": "None",
            "netIncomeFromContinuingOperations": "-10200000",
            "comprehensiveIncomeNetOfTax": "None",
            "ebit": "-10233000",
            "ebitda": "-8845000",
            "netIncome": "-10392000"
        },
        {
            "fiscalDateEnding": "2019-06-30",
            "reportedCurrency": "CNY",
            "grossProfit": "12845000",
            "totalRevenue": "21946000",
            "costOfRevenue": "9101000",
            "costofGoodsAndServicesSold": "9101000",
            "operatingIncome": "-16706000",
            "sellingGeneralAndAdministrative": "9213000",
            "researchAndDevelopment": "12931000",
            "operatingExpenses": "29551000",
            "investmentIncomeNet": "None",
            "netInterestIncome": "259000",
            "interestIncome": "417000",
            "interestExpense": "158000",
            "nonInterestIncome": "None",
            "otherNonOperatingIncome": "0",
            "depreciation": "None",
            "depreciationAndAmortization": "1366000",
            "incomeBeforeTax": "-16243000",
            "incomeTaxExpense": "52000",
            "interestAndDebtExpense": "None",
            "netIncomeFromContinuingOperations": "-16300000",
            "comprehensiveIncomeNetOfTax": "None",
            "ebit": "-14953000",
            "ebitda": "-13587000",
            "netIncome": "-15163000"
        },
        {
            "fiscalDateEnding": "2019-03-31",
            "reportedCurrency": "CNY",
            "grossProfit": "6106000",
            "totalRevenue": "10439000",
            "costOfRevenue": "4333000",
            "costofGoodsAndServicesSold": "4333000",
            "operatingIncome": "-21204000",
            "sellingGeneralAndAdministrative": "8679000",
            "researchAndDevelopment": "14645000",
            "operatingExpenses": "27310000",
            "investmentIncomeNet": "None",
            "netInterestIncome": "-62000",
            "interestIncome": "130000",
            "interestExpense": "141000",
            "nonInterestIncome": "None",
            "otherNonOperatingIncome": "0",
            "depreciation": "None",
            "depreciationAndAmortization": "1431000",
            "incomeBeforeTax": "-21307000",
            "incomeTaxExpense": "26000",
            "interestAndDebtExpense": "None",
            "netIncomeFromContinuingOperations": "-21338000",
            "comprehensiveIncomeNetOfTax": "None",
            "ebit": "-20890000",
            "ebitda": "-19459000",
            "netIncome": "-21057000"
        },
        {
            "fiscalDateEnding": "2018-12-31",
            "reportedCurrency": "CNY",
            "grossProfit": "5887000",
            "totalRevenue": "10487000",
            "costOfRevenue": "4600000",
            "costofGoodsAndServicesSold": "4600000",
            "operatingIncome": "-22888000",
            "sellingGeneralAndAdministrative": "12206000",
            "researchAndDevelopment": "13264000",
            "operatingExpenses": "28775000",
            "investmentIncomeNet": "None",
            "netInterestIncome": "None",
            "interestIncome": "None",
            "interestExpense": "189000",
            "nonInterestIncome": "None",
            "otherNonOperatingIncome": "0",
            "depreciation": "None",
            "depreciationAndAmortization": "1571000",
            "incomeBeforeTax": "-30924000",
            "incomeTaxExpense": "-290000",
            "interestAndDebtExpense": "None",
            "netIncomeFromContinuingOperations": "0",
            "comprehensiveIncomeNetOfTax": "None",
            "ebit": "-27228000",
            "ebitda": "-25657000",
            "netIncome": "-27127000"
        },
        {
            "fiscalDateEnding": "2018-09-30",
            "reportedCurrency": "CNY",
            "grossProfit": "7514000",
            "totalRevenue": "17643000",
            "costOfRevenue": "10129000",
            "costofGoodsAndServicesSold": "10129000",
            "operatingIncome": "-25350000",
            "sellingGeneralAndAdministrative": "8879000",
            "researchAndDevelopment": "18997000",
            "operatingExpenses": "32864000",
            "investmentIncomeNet": "None",
            "netInterestIncome": "None",
            "interestIncome": "None",
            "interestExpense": "197000",
            "nonInterestIncome": "None",
            "otherNonOperatingIncome": "0",
            "depreciation": "None",
            "depreciationAndAmortization": "1369000",
            "incomeBeforeTax": "-23486000",
            "incomeTaxExpense": "-210000",
            "interestAndDebtExpense": "None",
            "netIncomeFromContinuingOperations": "-71888.11",
            "comprehensiveIncomeNetOfTax": "None",
            "ebit": "-23393000",
            "ebitda": "-22024000",
            "netIncome": "-23380000"
        }
    ]
}