{
    "symbol": "GOOD",
    "annualReports": [
        {
            "fiscalDateEnding": "2022-12-31",
            "reportedCurrency": "USD",
            "grossProfit": "71,420,000",
            "totalRevenue": "148981000",
            "costOfRevenue": "77561000",
            "costofGoodsAndServicesSold": "26832000",
            "operatingIncome": "-46338000",
            "sellingGeneralAndAdministrative": "3705000",
            "researchAndDevelopment": "None",
            "operatingExpenses": "117758000",
            "investmentIncomeNet": "None",
            "netInterestIncome": "-32457000",
            "interestIncome": "None",
            "interestExpense": "32457000",
            "nonInterestIncome": "None",
            "otherNonOperatingIncome": "454000",
            "depreciation": "None",
            "depreciationAndAmortization": "61664000",
            "incomeBeforeTax": "9272000",
            "incomeTaxExpense": "32457000",
            "interestAndDebtExpense": "32457000",
            "netIncomeFromContinuingOperations": "-68289000",
            "comprehensiveIncomeNetOfTax": "21410000",
            "ebit": "-46338000",
            "ebitda": "15326000",
            "netIncome": "9295000"
        },
        {
            "fiscalDateEnding": "2021-12-31",
            "reportedCurrency": "USD",
            "grossProfit": "74059000",
            "totalRevenue": "137688000",
            "costOfRevenue": "63629000",
            "costofGoodsAndServicesSold": "27098000",
            "operatingIncome": "-28741000",
            "sellingGeneralAndAdministrative": "3218000",
            "researchAndDevelopment": "None",
            "operatingExpenses": "102800000",
            "investmentIncomeNet": "None",
            "netInterestIncome": "-26887000",
            "interestIncome": "None",
            "interestExpense": "26887000",
            "nonInterestIncome": "None",
            "otherNonOperatingIncome": "2880000",
            "depreciation": "None",
            "depreciationAndAmortization": "60311000",
            "incomeBeforeTax": "9733000",
            "incomeTaxExpense": "1092000",
            "interestAndDebtExpense": "26887000",
            "netIncomeFromContinuingOperations": "-53896000",
            "comprehensiveIncomeNetOfTax": "12627000",
            "ebit": "-28741000",
            "ebitda": "31570000",
            "netIncome": "9773000"
        },
        {
            "fiscalDateEnding": "2020-12-31",
            "reportedCurrency": "USD",
            "grossProfit": "70748000",
            "totalRevenue": "133152000",
            "costOfRevenue": "62404000",
            "costofGoodsAndServicesSold": "26004000",
            "operatingIncome": "-29107000",
            "sellingGeneralAndAdministrative": "3259000",
            "researchAndDevelopment": "None",
            "operatingExpenses": "99855000",
            "investmentIncomeNet": "None",
            "netInterestIncome": "-26803000",
            "interestIncome": "None",
            "interestExpense": "26803000",
            "nonInterestIncome": "None",
            "otherNonOperatingIncome": "395000",
            "depreciation": "None",
            "depreciationAndAmortization": "55424000",
            "incomeBeforeTax": "14985000",
            "incomeTaxExpense": "-4428000",
            "interestAndDebtExpense": "26803000",
            "netIncomeFromContinuingOperations": "-47419000",
            "comprehensiveIncomeNetOfTax": "12719000",
            "ebit": "-29107000",
            "ebitda": "26317000",
            "netIncome": "14938000"
        },
        {
            "fiscalDateEnding": "2019-12-31",
            "reportedCurrency": "USD",
            "grossProfit": "57200000",
            "totalRevenue": "114387000",
            "costOfRevenue": "57187000",
            "costofGoodsAndServicesSold": "12592000",
            "operatingIncome": "-23031000",
            "sellingGeneralAndAdministrative": "3235000",
            "researchAndDevelopment": "None",
            "operatingExpenses": "80231000",
            "investmentIncomeNet": "None",
            "netInterestIncome": "-28279000",
            "interestIncome": "28279000",
            "interestExpense": "28279000",
            "nonInterestIncome": "None",
            "otherNonOperatingIncome": "712000",
            "depreciation": "None",
            "depreciationAndAmortization": "52039000",
            "incomeBeforeTax": "9541000",
            "incomeTaxExpense": "-1226000",
            "interestAndDebtExpense": "28279000",
            "netIncomeFromContinuingOperations": "-47646000",
            "comprehensiveIncomeNetOfTax": "7650000",
            "ebit": "-23031000",
            "ebitda": "29008000",
            "netIncome": "9628000"
        },
        {
            "fiscalDateEnding": "2018-12-31",
            "reportedCurrency": "USD",
            "grossProfit": "56720000",
            "totalRevenue": "106798000",
            "costOfRevenue": "50078000",
            "costofGoodsAndServicesSold": "11458000",
            "operatingIncome": "-14417000",
            "sellingGeneralAndAdministrative": "2358000",
            "researchAndDevelopment": "None",
            "operatingExpenses": "71137000",
            "investmentIncomeNet": "None",
            "netInterestIncome": "-26172000",
            "interestIncome": "26172000",
            "interestExpense": "26172000",
            "nonInterestIncome": "103268000",
            "otherNonOperatingIncome": "72000",
            "depreciation": "None",
            "depreciationAndAmortization": "47620000",
            "incomeBeforeTax": "12324000",
            "incomeTaxExpense": "4000",
            "interestAndDebtExpense": "26172000",
            "netIncomeFromContinuingOperations": "-37754000",
            "comprehensiveIncomeNetOfTax": "12137000",
            "ebit": "-14417000",
            "ebitda": "33203000",
            "netIncome": "12320000"
        }
    ],
    "quarterlyReports": [
        {
            "fiscalDateEnding": "2023-03-31",
            "reportedCurrency": "USD",
            "grossProfit": "20017000",
            "totalRevenue": "36554000",
            "costOfRevenue": "16537000",
            "costofGoodsAndServicesSold": "6727000",
            "operatingIncome": "-5417000",
            "sellingGeneralAndAdministrative": "1063000",
            "researchAndDevelopment": "None",
            "operatingExpenses": "25434000",
            "investmentIncomeNet": "None",
            "netInterestIncome": "-8828000",
            "interestIncome": "None",
            "interestExpense": "8828000",
            "nonInterestIncome": "None",
            "otherNonOperatingIncome": "105000",
            "depreciation": "None",
            "depreciationAndAmortization": "15474000",
            "incomeBeforeTax": "2397000",
            "incomeTaxExpense": "9557000",
            "interestAndDebtExpense": "8828000",
            "netIncomeFromContinuingOperations": "-14140000",
            "comprehensiveIncomeNetOfTax": "-3491000",
            "ebit": "-5417000",
            "ebitda": "10057000",
            "netIncome": "2404000"
        },
        {
            "fiscalDateEnding": "2022-12-31",
            "reportedCurrency": "USD",
            "grossProfit": "20208000",
            "totalRevenue": "37217000",
            "costOfRevenue": "17009000",
            "costofGoodsAndServicesSold": "6714000",
            "operatingIncome": "-6618000",
            "sellingGeneralAndAdministrative": "917000",
            "researchAndDevelopment": "None",
            "operatingExpenses": "26826000",
            "investmentIncomeNet": "None",
            "netInterestIncome": "-9644000",
            "interestIncome": "None",
            "interestExpense": "9644000",
            "nonInterestIncome": "None",
            "otherNonOperatingIncome": "-84000",
            "depreciation": "None",
            "depreciationAndAmortization": "15992000",
            "incomeBeforeTax": "1813000",
            "incomeTaxExpense": "9643000",
            "interestAndDebtExpense": "9644000",
            "netIncomeFromContinuingOperations": "-15196000",
            "comprehensiveIncomeNetOfTax": "279000",
            "ebit": "-6618000",
            "ebitda": "9374000",
            "netIncome": "1824000"
        },
        {
            "fiscalDateEnding": "2022-09-30",
            "reportedCurrency": "USD",
            "grossProfit": "12519000",
            "totalRevenue": "39834000",
            "costOfRevenue": "27315000",
            "costofGoodsAndServicesSold": "6536000",
            "operatingIncome": "-24929000",
            "sellingGeneralAndAdministrative": "833000",
            "researchAndDevelopment": "None",
            "operatingExpenses": "37448000",
            "investmentIncomeNet": "None",
            "netInterestIncome": "-9107000",
            "interestIncome": "None",
            "interestExpense": "9107000",
            "nonInterestIncome": "None",
            "otherNonOperatingIncome": "316000",
            "depreciation": "None",
            "depreciationAndAmortization": "15764000",
            "incomeBeforeTax": "2497000",
            "incomeTaxExpense": "9107000",
            "interestAndDebtExpense": "9107000",
            "netIncomeFromContinuingOperations": "-24818000",
            "comprehensiveIncomeNetOfTax": "9291000",
            "ebit": "-24929000",
            "ebitda": "-9165000",
            "netIncome": "2501000"
        },
        {
            "fiscalDateEnding": "2022-06-30",
            "reportedCurrency": "USD",
            "grossProfit": "18848000",
            "totalRevenue": "36399000",
            "costOfRevenue": "17551000",
            "costofGoodsAndServicesSold": "6959000",
            "operatingIncome": "-8977000",
            "sellingGeneralAndAdministrative": "958000",
            "researchAndDevelopment": "None",
            "operatingExpenses": "27825000",
            "investmentIncomeNet": "None",
            "netInterestIncome": "-7121000",
            "interestIncome": "None",
            "interestExpense": "7121000",
            "nonInterestIncome": "None",
            "otherNonOperatingIncome": "119000",
            "depreciation": "None",
            "depreciationAndAmortization": "15219000",
            "incomeBeforeTax": "1572000",
            "incomeTaxExpense": "7121000",
            "interestAndDebtExpense": "7121000",
            "netIncomeFromContinuingOperations": "-15979000",
            "comprehensiveIncomeNetOfTax": "4185000",
            "ebit": "-8977000",
            "ebitda": "6242000",
            "netIncome": "1582000"
        },
        {
            "fiscalDateEnding": "2022-03-31",
            "reportedCurrency": "USD",
            "grossProfit": "19845000",
            "totalRevenue": "35531000",
            "costOfRevenue": "15686000",
            "costofGoodsAndServicesSold": "6623000",
            "operatingIncome": "-5813000",
            "sellingGeneralAndAdministrative": "997000",
            "researchAndDevelopment": "None",
            "operatingExpenses": "25658000",
            "investmentIncomeNet": "None",
            "netInterestIncome": "-6586000",
            "interestIncome": "None",
            "interestExpense": "6586000",
            "nonInterestIncome": "None",
            "otherNonOperatingIncome": "104000",
            "depreciation": "None",
            "depreciationAndAmortization": "14689000",
            "incomeBeforeTax": "3391000",
            "incomeTaxExpense": "6586000",
            "interestAndDebtExpense": "6586000",
            "netIncomeFromContinuingOperations": "-12295000",
            "comprehensiveIncomeNetOfTax": "7656000",
            "ebit": "-5813000",
            "ebitda": "8876000",
            "netIncome": "3389000"
        },
        {
            "fiscalDateEnding": "2021-12-31",
            "reportedCurrency": "USD",
            "grossProfit": "19879000",
            "totalRevenue": "35307000",
            "costOfRevenue": "15428000",
            "costofGoodsAndServicesSold": "6820000",
            "operatingIncome": "-5533000",
            "sellingGeneralAndAdministrative": "678000",
            "researchAndDevelopment": "None",
            "operatingExpenses": "25412000",
            "investmentIncomeNet": "None",
            "netInterestIncome": "-6549000",
            "interestIncome": "None",
            "interestExpense": "6549000",
            "nonInterestIncome": "None",
            "otherNonOperatingIncome": "-4000",
            "depreciation": "None",
            "depreciationAndAmortization": "14650000",
            "incomeBeforeTax": "3076000",
            "incomeTaxExpense": "6549000",
            "interestAndDebtExpense": "6549000",
            "netIncomeFromContinuingOperations": "-12352000",
            "comprehensiveIncomeNetOfTax": "3803000",
            "ebit": "-5533000",
            "ebitda": "9117000",
            "netIncome": "3074000"
        },
        {
            "fiscalDateEnding": "2021-09-30",
            "reportedCurrency": "USD",
            "grossProfit": "18763000",
            "totalRevenue": "34334000",
            "costOfRevenue": "15571000",
            "costofGoodsAndServicesSold": "6807000",
            "operatingIncome": "-6735000",
            "sellingGeneralAndAdministrative": "811000",
            "researchAndDevelopment": "None",
            "operatingExpenses": "25498000",
            "investmentIncomeNet": "None",
            "netInterestIncome": "-6688000",
            "interestIncome": "None",
            "interestExpense": "6688000",
            "nonInterestIncome": "None",
            "otherNonOperatingIncome": "2350000",
            "depreciation": "None",
            "depreciationAndAmortization": "14760000",
            "incomeBeforeTax": "4498000",
            "incomeTaxExpense": "21000",
            "interestAndDebtExpense": "6688000",
            "netIncomeFromContinuingOperations": "-11073000",
            "comprehensiveIncomeNetOfTax": "4898000",
            "ebit": "-6735000",
            "ebitda": "8025000",
            "netIncome": "4477000"
        },
        {
            "fiscalDateEnding": "2021-06-30",
            "reportedCurrency": "USD",
            "grossProfit": "18107000",
            "totalRevenue": "33371000",
            "costOfRevenue": "15264000",
            "costofGoodsAndServicesSold": "6910000",
            "operatingIncome": "-6880000",
            "sellingGeneralAndAdministrative": "1073000",
            "researchAndDevelopment": "None",
            "operatingExpenses": "24987000",
            "investmentIncomeNet": "None",
            "netInterestIncome": "-6486000",
            "interestIncome": "None",
            "interestExpense": "6486000",
            "nonInterestIncome": "None",
            "otherNonOperatingIncome": "223000",
            "depreciation": "None",
            "depreciationAndAmortization": "14191000",
            "incomeBeforeTax": "2121000",
            "incomeTaxExpense": "-21000",
            "interestAndDebtExpense": "6486000",
            "netIncomeFromContinuingOperations": "-13143000",
            "comprehensiveIncomeNetOfTax": "1422000",
            "ebit": "-6880000",
            "ebitda": "7311000",
            "netIncome": "2142000"
        },
        {
            "fiscalDateEnding": "2021-03-31",
            "reportedCurrency": "USD",
            "grossProfit": "17311000",
            "totalRevenue": "34677000",
            "costOfRevenue": "17366000",
            "costofGoodsAndServicesSold": "6561000",
            "operatingIncome": "-9593000",
            "sellingGeneralAndAdministrative": "656000",
            "researchAndDevelopment": "None",
            "operatingExpenses": "26904000",
            "investmentIncomeNet": "None",
            "netInterestIncome": "-7164000",
            "interestIncome": "None",
            "interestExpense": "7164000",
            "nonInterestIncome": "None",
            "otherNonOperatingIncome": "311000",
            "depreciation": "None",
            "depreciationAndAmortization": "16710000",
            "incomeBeforeTax": "38000",
            "incomeTaxExpense": "-41000",
            "interestAndDebtExpense": "7164000",
            "netIncomeFromContinuingOperations": "-17328000",
            "comprehensiveIncomeNetOfTax": "2503000",
            "ebit": "-9593000",
            "ebitda": "7117000",
            "netIncome": "79000"
        },
        {
            "fiscalDateEnding": "2020-12-31",
            "reportedCurrency": "USD",
            "grossProfit": "17843000",
            "totalRevenue": "32865000",
            "costOfRevenue": "15022000",
            "costofGoodsAndServicesSold": "6906000",
            "operatingIncome": "-6813000",
            "sellingGeneralAndAdministrative": "853000",
            "researchAndDevelopment": "None",
            "operatingExpenses": "24656000",
            "investmentIncomeNet": "None",
            "netInterestIncome": "-6392000",
            "interestIncome": "None",
            "interestExpense": "6392000",
            "nonInterestIncome": "None",
            "otherNonOperatingIncome": "186000",
            "depreciation": "None",
            "depreciationAndAmortization": "13348000",
            "incomeBeforeTax": "8915000",
            "incomeTaxExpense": "68000",
            "interestAndDebtExpense": "6392000",
            "netIncomeFromContinuingOperations": "-6107000",
            "comprehensiveIncomeNetOfTax": "9343000",
            "ebit": "-6813000",
            "ebitda": "6535000",
            "netIncome": "8829000"
        },
        {
            "fiscalDateEnding": "2020-09-30",
            "reportedCurrency": "USD",
            "grossProfit": "17385000",
            "totalRevenue": "33142000",
            "costOfRevenue": "15757000",
            "costofGoodsAndServicesSold": "6590000",
            "operatingIncome": "-7869000",
            "sellingGeneralAndAdministrative": "775000",
            "researchAndDevelopment": "None",
            "operatingExpenses": "25254000",
            "investmentIncomeNet": "None",
            "netInterestIncome": "-6444000",
            "interestIncome": "None",
            "interestExpense": "6444000",
            "nonInterestIncome": "None",
            "otherNonOperatingIncome": "204000",
            "depreciation": "None",
            "depreciationAndAmortization": "13798000",
            "incomeBeforeTax": "2844000",
            "incomeTaxExpense": "-2000",
            "interestAndDebtExpense": "6444000",
            "netIncomeFromContinuingOperations": "-12913000",
            "comprehensiveIncomeNetOfTax": "3122000",
            "ebit": "-7869000",
            "ebitda": "5929000",
            "netIncome": "2846000"
        },
        {
            "fiscalDateEnding": "2020-06-30",
            "reportedCurrency": "USD",
            "grossProfit": "16870000",
            "totalRevenue": "33525000",
            "costOfRevenue": "16655000",
            "costofGoodsAndServicesSold": "6295000",
            "operatingIncome": "-8983000",
            "sellingGeneralAndAdministrative": "752000",
            "researchAndDevelopment": "None",
            "operatingExpenses": "25853000",
            "investmentIncomeNet": "None",
            "netInterestIncome": "-6716000",
            "interestIncome": "None",
            "interestExpense": "6716000",
            "nonInterestIncome": "None",
            "otherNonOperatingIncome": "9000",
            "depreciation": "None",
            "depreciationAndAmortization": "14182000",
            "incomeBeforeTax": "965000",
            "incomeTaxExpense": "-28000",
            "interestAndDebtExpense": "6716000",
            "netIncomeFromContinuingOperations": "-15690000",
            "comprehensiveIncomeNetOfTax": "512000",
            "ebit": "-8983000",
            "ebitda": "5199000",
            "netIncome": "993000"
        },
        {
            "fiscalDateEnding": "2020-03-31",
            "reportedCurrency": "USD",
            "grossProfit": "18645000",
            "totalRevenue": "33619000",
            "costOfRevenue": "14974000",
            "costofGoodsAndServicesSold": "6213000",
            "operatingIncome": "-5447000",
            "sellingGeneralAndAdministrative": "878000",
            "researchAndDevelopment": "None",
            "operatingExpenses": "24092000",
            "investmentIncomeNet": "None",
            "netInterestIncome": "-7252000",
            "interestIncome": "7252000",
            "interestExpense": "7252000",
            "nonInterestIncome": "None",
            "otherNonOperatingIncome": "-5000",
            "depreciation": "None",
            "depreciationAndAmortization": "14096000",
            "incomeBeforeTax": "2258000",
            "incomeTaxExpense": "9000",
            "interestAndDebtExpense": "7252000",
            "netIncomeFromContinuingOperations": "-12716000",
            "comprehensiveIncomeNetOfTax": "-261000",
            "ebit": "-5447000",
            "ebitda": "8649000",
            "netIncome": "2267000"
        },
        {
            "fiscalDateEnding": "2019-12-31",
            "reportedCurrency": "USD",
            "grossProfit": "29386000",
            "totalRevenue": "29386000",
            "costOfRevenue": "16541000",
            "costofGoodsAndServicesSold": "3262000",
            "operatingIncome": "6924000",
            "sellingGeneralAndAdministrative": "1200000",
            "researchAndDevelopment": "None",
            "operatingExpenses": "22462000",
            "investmentIncomeNet": "None",
            "netInterestIncome": "-6873000",
            "interestIncome": "6873000",
            "interestExpense": "6873000",
            "nonInterestIncome": "None",
            "otherNonOperatingIncome": "421000",
            "depreciation": "None",
            "depreciationAndAmortization": "13428000",
            "incomeBeforeTax": "473000",
            "incomeTaxExpense": "-74000",
            "interestAndDebtExpense": "6873000",
            "netIncomeFromContinuingOperations": "472000",
            "comprehensiveIncomeNetOfTax": "930000",
            "ebit": "6924000",
            "ebitda": "20352000",
            "netIncome": "472000"
        },
        {
            "fiscalDateEnding": "2019-09-30",
            "reportedCurrency": "USD",
            "grossProfit": "15092000",
            "totalRevenue": "28667000",
            "costOfRevenue": "13575000",
            "costofGoodsAndServicesSold": "3202000",
            "operatingIncome": "-4353000",
            "sellingGeneralAndAdministrative": "596000",
            "researchAndDevelopment": "None",
            "operatingExpenses": "19445000",
            "investmentIncomeNet": "None",
            "netInterestIncome": "-7170000",
            "interestIncome": "7170000",
            "interestExpense": "7170000",
            "nonInterestIncome": "None",
            "otherNonOperatingIncome": "139000",
            "depreciation": "None",
            "depreciationAndAmortization": "12979000",
            "incomeBeforeTax": "2191000",
            "incomeTaxExpense": "16000",
            "interestAndDebtExpense": "7170000",
            "netIncomeFromContinuingOperations": "-11384000",
            "comprehensiveIncomeNetOfTax": "1583000",
            "ebit": "-4353000",
            "ebitda": "8626000",
            "netIncome": "2207000"
        },
        {
            "fiscalDateEnding": "2019-06-30",
            "reportedCurrency": "USD",
            "grossProfit": "14793000",
            "totalRevenue": "28197000",
            "costOfRevenue": "13404000",
            "costofGoodsAndServicesSold": "3060000",
            "operatingIncome": "-4265000",
            "sellingGeneralAndAdministrative": "782000",
            "researchAndDevelopment": "None",
            "operatingExpenses": "19058000",
            "investmentIncomeNet": "None",
            "netInterestIncome": "-7005000",
            "interestIncome": "7005000",
            "interestExpense": "7005000",
            "nonInterestIncome": "None",
            "otherNonOperatingIncome": "71000",
            "depreciation": "None",
            "depreciationAndAmortization": "12622000",
            "incomeBeforeTax": "2205000",
            "incomeTaxExpense": "16000",
            "interestAndDebtExpense": "7005000",
            "netIncomeFromContinuingOperations": "-11199000",
            "comprehensiveIncomeNetOfTax": "1233000",
            "ebit": "-4265000",
            "ebitda": "8357000",
            "netIncome": "2221000"
        },
        {
            "fiscalDateEnding": "2019-03-31",
            "reportedCurrency": "USD",
            "grossProfit": "14470000",
            "totalRevenue": "28137000",
            "costOfRevenue": "13667000",
            "costofGoodsAndServicesSold": "3068000",
            "operatingIncome": "-4796000",
            "sellingGeneralAndAdministrative": "657000",
            "researchAndDevelopment": "None",
            "operatingExpenses": "19266000",
            "investmentIncomeNet": "None",
            "netInterestIncome": "-7231000",
            "interestIncome": "7231000",
            "interestExpense": "7231000",
            "nonInterestIncome": "28137000",
            "otherNonOperatingIncome": "81000",
            "depreciation": "None",
            "depreciationAndAmortization": "13010000",
            "incomeBeforeTax": "4673000",
            "incomeTaxExpense": "-45000",
            "interestAndDebtExpense": "7231000",
            "netIncomeFromContinuingOperations": "-8994000",
            "comprehensiveIncomeNetOfTax": "3906000",
            "ebit": "-4796000",
            "ebitda": "8214000",
            "netIncome": "4628000"
        },
        {
            "fiscalDateEnding": "2018-12-31",
            "reportedCurrency": "USD",
            "grossProfit": "27261000",
            "totalRevenue": "27261000",
            "costOfRevenue": "13158000",
            "costofGoodsAndServicesSold": "3211000",
            "operatingIncome": "8490000",
            "sellingGeneralAndAdministrative": "604000",
            "researchAndDevelopment": "None",
            "operatingExpenses": "18771000",
            "investmentIncomeNet": "None",
            "netInterestIncome": "-6897000",
            "interestIncome": "None",
            "interestExpense": "6897000",
            "nonInterestIncome": "26247000",
            "otherNonOperatingIncome": "5000",
            "depreciation": "None",
            "depreciationAndAmortization": "12454000",
            "incomeBeforeTax": "2517000",
            "incomeTaxExpense": "4000",
            "interestAndDebtExpense": "6897000",
            "netIncomeFromContinuingOperations": "2517000",
            "comprehensiveIncomeNetOfTax": "1302000",
            "ebit": "8490000",
            "ebitda": "20944000",
            "netIncome": "2517000"
        },
        {
            "fiscalDateEnding": "2018-09-30",
            "reportedCurrency": "USD",
            "grossProfit": "14274000",
            "totalRevenue": "26591000",
            "costOfRevenue": "12317000",
            "costofGoodsAndServicesSold": "2638000",
            "operatingIncome": "-3148000",
            "sellingGeneralAndAdministrative": "510000",
            "researchAndDevelopment": "None",
            "operatingExpenses": "17422000",
            "investmentIncomeNet": "None",
            "netInterestIncome": "-6531000",
            "interestIncome": "None",
            "interestExpense": "6531000",
            "nonInterestIncome": "25737000",
            "otherNonOperatingIncome": "39000",
            "depreciation": "None",
            "depreciationAndAmortization": "11807000",
            "incomeBeforeTax": "2677000",
            "incomeTaxExpense": "None",
            "interestAndDebtExpense": "6531000",
            "netIncomeFromContinuingOperations": "-9640000",
            "comprehensiveIncomeNetOfTax": "2922000",
            "ebit": "-3148000",
            "ebitda": "8659000",
            "netIncome": "2677000"
        },
        {
            "fiscalDateEnding": "2018-06-30",
            "reportedCurrency": "USD",
            "grossProfit": "59073000",
            "totalRevenue": "26593000",
            "costOfRevenue": "12373000",
            "costofGoodsAndServicesSold": "2816000",
            "operatingIncome": "41531000",
            "sellingGeneralAndAdministrative": "600000",
            "researchAndDevelopment": "None",
            "operatingExpenses": "17542000",
            "investmentIncomeNet": "None",
            "netInterestIncome": "-6531000",
            "interestIncome": "None",
            "interestExpense": "6531000",
            "nonInterestIncome": "25692000",
            "otherNonOperatingIncome": "5000",
            "depreciation": "None",
            "depreciationAndAmortization": "11773000",
            "incomeBeforeTax": "2525000",
            "incomeTaxExpense": "None",
            "interestAndDebtExpense": "6531000",
            "netIncomeFromContinuingOperations": "35005000",
            "comprehensiveIncomeNetOfTax": "2814000",
            "ebit": "41531000",
            "ebitda": "53304000",
            "netIncome": "2525000"
        }
    ]
}
