{
    "symbol": "SGEN",
    "annualReports": [
        {
            "fiscalDateEnding": "2022-12-31",
            "reportedCurrency": "USD",
            "grossProfit": "674537000",
            "totalRevenue": "1952258000",
            "costOfRevenue": "1277721000",
            "costofGoodsAndServicesSold": "410058000",
            "operatingIncome": "-612970000",
            "sellingGeneralAndAdministrative": "820963000",
            "researchAndDevelopment": "1344361000",
            "operatingExpenses": "2212024000",
            "investmentIncomeNet": "20809000",
            "netInterestIncome": "None",
            "interestIncome": "None",
            "interestExpense": "103468000",
            "nonInterestIncome": "1952258000",
            "otherNonOperatingIncome": "None",
            "depreciation": "46727000",
            "depreciationAndAmortization": "46700000",
            "incomeBeforeTax": "-602315000",
            "incomeTaxExpense": "7993000",
            "interestAndDebtExpense": "None",
            "netIncomeFromContinuingOperations": "-610308000",
            "comprehensiveIncomeNetOfTax": "-607977000",
            "ebit": "-612970000",
            "ebitda": "-566270000",
            "netIncome": "-610308000"
        },
        {
            "fiscalDateEnding": "2021-12-31",
            "reportedCurrency": "USD",
            "grossProfit": "503716000",
            "totalRevenue": "1574371000",
            "costOfRevenue": "1070655000",
            "costofGoodsAndServicesSold": "311565000",
            "operatingIncome": "-682056000",
            "sellingGeneralAndAdministrative": "716190000",
            "researchAndDevelopment": "1228672000",
            "operatingExpenses": "1987762000",
            "investmentIncomeNet": "1607000",
            "netInterestIncome": "None",
            "interestIncome": "None",
            "interestExpense": "91328000",
            "nonInterestIncome": "1574371000",
            "otherNonOperatingIncome": "None",
            "depreciation": "42854000",
            "depreciationAndAmortization": "42900000",
            "incomeBeforeTax": "-675705000",
            "incomeTaxExpense": "-1234000",
            "interestAndDebtExpense": "None",
            "netIncomeFromContinuingOperations": "-674471000",
            "comprehensiveIncomeNetOfTax": "-673857000",
            "ebit": "-682056000",
            "ebitda": "-639156000",
            "netIncome": "-674471000"
        },
        {
            "fiscalDateEnding": "2020-12-31",
            "reportedCurrency": "USD",
            "grossProfit": "1388007000",
            "totalRevenue": "2175562000",
            "costOfRevenue": "787555000",
            "costofGoodsAndServicesSold": "217720000",
            "operatingIncome": "596852000",
            "sellingGeneralAndAdministrative": "533835000",
            "researchAndDevelopment": "827129000",
            "operatingExpenses": "1396938000",
            "investmentIncomeNet": "7245000",
            "netInterestIncome": "None",
            "interestIncome": "None",
            "interestExpense": "101082000",
            "nonInterestIncome": "2175562000",
            "otherNonOperatingIncome": "None",
            "depreciation": "36045000",
            "depreciationAndAmortization": "36000000",
            "incomeBeforeTax": "615701000",
            "incomeTaxExpense": "2031000",
            "interestAndDebtExpense": "None",
            "netIncomeFromContinuingOperations": "613670000",
            "comprehensiveIncomeNetOfTax": "614006000",
            "ebit": "596852000",
            "ebitda": "632852000",
            "netIncome": "613670000"
        },
        {
            "fiscalDateEnding": "2019-12-31",
            "reportedCurrency": "USD",
            "grossProfit": "517128000",
            "totalRevenue": "914860000",
            "costOfRevenue": "397732000",
            "costofGoodsAndServicesSold": "43952000",
            "operatingIncome": "-220545000",
            "sellingGeneralAndAdministrative": "373932000",
            "researchAndDevelopment": "719374000",
            "operatingExpenses": "1118959000",
            "investmentIncomeNet": "11771000",
            "netInterestIncome": "None",
            "interestIncome": "61895000",
            "interestExpense": "None",
            "nonInterestIncome": "914860000",
            "otherNonOperatingIncome": "None",
            "depreciation": "23759000",
            "depreciationAndAmortization": "23800000",
            "incomeBeforeTax": "-158650000",
            "incomeTaxExpense": "0",
            "interestAndDebtExpense": "None",
            "netIncomeFromContinuingOperations": "-158650000",
            "comprehensiveIncomeNetOfTax": "-158381000",
            "ebit": "-220545000",
            "ebitda": "-196745000",
            "netIncome": "-158650000"
        },
        {
            "fiscalDateEnding": "2018-12-31",
            "reportedCurrency": "USD",
            "grossProfit": "350204000",
            "totalRevenue": "654700000",
            "costOfRevenue": "304496000",
            "costofGoodsAndServicesSold": "88293000",
            "operatingIncome": "-259998000",
            "sellingGeneralAndAdministrative": "261096000",
            "researchAndDevelopment": "565309000",
            "operatingExpenses": "851705000",
            "investmentIncomeNet": "6316000",
            "netInterestIncome": "None",
            "interestIncome": "13652000",
            "interestExpense": "None",
            "nonInterestIncome": "654700000",
            "otherNonOperatingIncome": "None",
            "depreciation": "25308000",
            "depreciationAndAmortization": "25300000",
            "incomeBeforeTax": "-246346000",
            "incomeTaxExpense": "-23653000",
            "interestAndDebtExpense": "None",
            "netIncomeFromContinuingOperations": "-222693000",
            "comprehensiveIncomeNetOfTax": "-222450000",
            "ebit": "-259998000",
            "ebitda": "-234698000",
            "netIncome": "-222693000"
        }
    ],
    "quarterlyReports": [
        {
            "fiscalDateEnding": "2023-03-31",
            "reportedCurrency": "USD",
            "grossProfit": "165575000",
            "totalRevenue": "519482000",
            "costOfRevenue": "353907000",
            "costofGoodsAndServicesSold": "111776000",
            "operatingIncome": "-184513000",
            "sellingGeneralAndAdministrative": "236441000",
            "researchAndDevelopment": "356015000",
            "operatingExpenses": "598146000",
            "investmentIncomeNet": "14637000",
            "netInterestIncome": "None",
            "interestIncome": "None",
            "interestExpense": "50892000",
            "nonInterestIncome": "519482000",
            "otherNonOperatingIncome": "None",
            "depreciation": "12423000",
            "depreciationAndAmortization": "5690000",
            "incomeBeforeTax": "-170113000",
            "incomeTaxExpense": "4624000",
            "interestAndDebtExpense": "None",
            "netIncomeFromContinuingOperations": "-174737000",
            "comprehensiveIncomeNetOfTax": "-174539000",
            "ebit": "-184513000",
            "ebitda": "-178823000",
            "netIncome": "-174737000"
        },
        {
            "fiscalDateEnding": "2022-12-31",
            "reportedCurrency": "USD",
            "grossProfit": "173993000",
            "totalRevenue": "527743000",
            "costOfRevenue": "353750000",
            "costofGoodsAndServicesSold": "108210000",
            "operatingIncome": "-154004000",
            "sellingGeneralAndAdministrative": "216101000",
            "researchAndDevelopment": "357843000",
            "operatingExpenses": "603383000",
            "investmentIncomeNet": "10583000",
            "netInterestIncome": "None",
            "interestIncome": "None",
            "interestExpense": "41166000",
            "nonInterestIncome": "527743000",
            "otherNonOperatingIncome": "None",
            "depreciation": "12085000",
            "depreciationAndAmortization": "29439000",
            "incomeBeforeTax": "-143828000",
            "incomeTaxExpense": "4343000",
            "interestAndDebtExpense": "None",
            "netIncomeFromContinuingOperations": "-148171000",
            "comprehensiveIncomeNetOfTax": "-147656000",
            "ebit": "-154004000",
            "ebitda": "-124565000",
            "netIncome": "-148171000"
        },
        {
            "fiscalDateEnding": "2022-09-30",
            "reportedCurrency": "USD",
            "grossProfit": "185983000",
            "totalRevenue": "510300000",
            "costOfRevenue": "324317000",
            "costofGoodsAndServicesSold": "108122000",
            "operatingIncome": "-192805000",
            "sellingGeneralAndAdministrative": "210378000",
            "researchAndDevelopment": "384605000",
            "operatingExpenses": "600800000",
            "investmentIncomeNet": "6947000",
            "netInterestIncome": "None",
            "interestIncome": "None",
            "interestExpense": "8556000",
            "nonInterestIncome": "510300000",
            "otherNonOperatingIncome": "None",
            "depreciation": "11775000",
            "depreciationAndAmortization": "5817000",
            "incomeBeforeTax": "-188527000",
            "incomeTaxExpense": "2289000",
            "interestAndDebtExpense": "None",
            "netIncomeFromContinuingOperations": "-190816000",
            "comprehensiveIncomeNetOfTax": "-188328000",
            "ebit": "-192805000",
            "ebitda": "-186988000",
            "netIncome": "-190816000"
        },
        {
            "fiscalDateEnding": "2022-06-30",
            "reportedCurrency": "USD",
            "grossProfit": "165390000",
            "totalRevenue": "497502000",
            "costOfRevenue": "332112000",
            "costofGoodsAndServicesSold": "106100000",
            "operatingIncome": "-133111000",
            "sellingGeneralAndAdministrative": "220259000",
            "researchAndDevelopment": "304254000",
            "operatingExpenses": "530266000",
            "investmentIncomeNet": "2690000",
            "netInterestIncome": "None",
            "interestIncome": "None",
            "interestExpense": "3218000",
            "nonInterestIncome": "497502000",
            "otherNonOperatingIncome": "None",
            "depreciation": "11465000",
            "depreciationAndAmortization": "5753000",
            "incomeBeforeTax": "-134720000",
            "incomeTaxExpense": "107000",
            "interestAndDebtExpense": "None",
            "netIncomeFromContinuingOperations": "-134827000",
            "comprehensiveIncomeNetOfTax": "-134744000",
            "ebit": "-133111000",
            "ebitda": "-127358000",
            "netIncome": "-134827000"
        },
        {
            "fiscalDateEnding": "2022-03-31",
            "reportedCurrency": "USD",
            "grossProfit": "156139000",
            "totalRevenue": "423681000",
            "costOfRevenue": "267542000",
            "costofGoodsAndServicesSold": "87626000",
            "operatingIncome": "-133050000",
            "sellingGeneralAndAdministrative": "174225000",
            "researchAndDevelopment": "297659000",
            "operatingExpenses": "477575000",
            "investmentIncomeNet": "589000",
            "netInterestIncome": "None",
            "interestIncome": "None",
            "interestExpense": "4380000",
            "nonInterestIncome": "423681000",
            "otherNonOperatingIncome": "None",
            "depreciation": "11402000",
            "depreciationAndAmortization": "5691000",
            "incomeBeforeTax": "-135194000",
            "incomeTaxExpense": "1254000",
            "interestAndDebtExpense": "None",
            "netIncomeFromContinuingOperations": "-136540000",
            "comprehensiveIncomeNetOfTax": "-137249000",
            "ebit": "-133050000",
            "ebitda": "-127359000",
            "netIncome": "-136494000"
        },
        {
            "fiscalDateEnding": "2021-12-31",
            "reportedCurrency": "USD",
            "grossProfit": "96700000",
            "totalRevenue": "419956000",
            "costOfRevenue": "323256000",
            "costofGoodsAndServicesSold": "86690000",
            "operatingIncome": "-172070000",
            "sellingGeneralAndAdministrative": "210937000",
            "researchAndDevelopment": "304294000",
            "operatingExpenses": "540860000",
            "investmentIncomeNet": "247000",
            "netInterestIncome": "None",
            "interestIncome": "None",
            "interestExpense": "None",
            "nonInterestIncome": "419956000",
            "otherNonOperatingIncome": "None",
            "depreciation": "12450000",
            "depreciationAndAmortization": "25629000",
            "incomeBeforeTax": "-176974000",
            "incomeTaxExpense": "-2346000",
            "interestAndDebtExpense": "None",
            "netIncomeFromContinuingOperations": "-174628000",
            "comprehensiveIncomeNetOfTax": "-174272000",
            "ebit": "-172070000",
            "ebitda": "-146441000",
            "netIncome": "-174628000"
        },
        {
            "fiscalDateEnding": "2021-09-30",
            "reportedCurrency": "USD",
            "grossProfit": "155310000",
            "totalRevenue": "424060000",
            "costOfRevenue": "268750000",
            "costofGoodsAndServicesSold": "82650000",
            "operatingIncome": "-297963000",
            "sellingGeneralAndAdministrative": "180281000",
            "researchAndDevelopment": "459092000",
            "operatingExpenses": "645192000",
            "investmentIncomeNet": "262000",
            "netInterestIncome": "None",
            "interestIncome": "None",
            "interestExpense": "None",
            "nonInterestIncome": "424060000",
            "otherNonOperatingIncome": "None",
            "depreciation": "10801000",
            "depreciationAndAmortization": "5819000",
            "incomeBeforeTax": "-292735000",
            "incomeTaxExpense": "1112000",
            "interestAndDebtExpense": "None",
            "netIncomeFromContinuingOperations": "-293847000",
            "comprehensiveIncomeNetOfTax": "-293816000",
            "ebit": "-297963000",
            "ebitda": "-292144000",
            "netIncome": "-293847000"
        },
        {
            "fiscalDateEnding": "2021-06-30",
            "reportedCurrency": "USD",
            "grossProfit": "139501000",
            "totalRevenue": "388478000",
            "costOfRevenue": "248977000",
            "costofGoodsAndServicesSold": "78090000",
            "operatingIncome": "-89603000",
            "sellingGeneralAndAdministrative": "165130000",
            "researchAndDevelopment": "234861000",
            "operatingExpenses": "405748000",
            "investmentIncomeNet": "357000",
            "netInterestIncome": "None",
            "interestIncome": "None",
            "interestExpense": "None",
            "nonInterestIncome": "388478000",
            "otherNonOperatingIncome": "None",
            "depreciation": "10020000",
            "depreciationAndAmortization": "5757000",
            "incomeBeforeTax": "-84576000",
            "incomeTaxExpense": "0",
            "interestAndDebtExpense": "None",
            "netIncomeFromContinuingOperations": "-89246000",
            "comprehensiveIncomeNetOfTax": "-84278000",
            "ebit": "-89603000",
            "ebitda": "-83846000",
            "netIncome": "-84576000"
        },
        {
            "fiscalDateEnding": "2021-03-31",
            "reportedCurrency": "USD",
            "grossProfit": "102571000",
            "totalRevenue": "332242000",
            "costOfRevenue": "229671000",
            "costofGoodsAndServicesSold": "64135000",
            "operatingIncome": "-122420000",
            "sellingGeneralAndAdministrative": "159842000",
            "researchAndDevelopment": "230426000",
            "operatingExpenses": "395962000",
            "investmentIncomeNet": "741000",
            "netInterestIncome": "None",
            "interestIncome": "None",
            "interestExpense": "None",
            "nonInterestIncome": "332242000",
            "otherNonOperatingIncome": "None",
            "depreciation": "9583000",
            "depreciationAndAmortization": "5694000",
            "incomeBeforeTax": "-121420000",
            "incomeTaxExpense": "0",
            "interestAndDebtExpense": "None",
            "netIncomeFromContinuingOperations": "-121679000",
            "comprehensiveIncomeNetOfTax": "-121491000",
            "ebit": "-122420000",
            "ebitda": "-116726000",
            "netIncome": "-121420000"
        },
        {
            "fiscalDateEnding": "2020-12-31",
            "reportedCurrency": "USD",
            "grossProfit": "601293000",
            "totalRevenue": "601293000",
            "costOfRevenue": "245582000",
            "costofGoodsAndServicesSold": "61758000",
            "operatingIncome": "164986000",
            "sellingGeneralAndAdministrative": "158365000",
            "researchAndDevelopment": "216184000",
            "operatingExpenses": "399982000",
            "investmentIncomeNet": "898000",
            "netInterestIncome": "None",
            "interestIncome": "None",
            "interestExpense": "None",
            "nonInterestIncome": "601293000",
            "otherNonOperatingIncome": "None",
            "depreciation": "9826000",
            "depreciationAndAmortization": "25459000",
            "incomeBeforeTax": "165884000",
            "incomeTaxExpense": "-1211000",
            "interestAndDebtExpense": "None",
            "netIncomeFromContinuingOperations": "601293000",
            "comprehensiveIncomeNetOfTax": "166810000",
            "ebit": "164986000",
            "ebitda": "190445000",
            "netIncome": "167095000"
        },
        {
            "fiscalDateEnding": "2020-09-30",
            "reportedCurrency": "USD",
            "grossProfit": "850056000",
            "totalRevenue": "1061731000",
            "costOfRevenue": "211675000",
            "costofGoodsAndServicesSold": "78296000",
            "operatingIncome": "638186000",
            "sellingGeneralAndAdministrative": "127579000",
            "researchAndDevelopment": "217670000",
            "operatingExpenses": "351049000",
            "investmentIncomeNet": "1223000",
            "netInterestIncome": "None",
            "interestIncome": "None",
            "interestExpense": "None",
            "nonInterestIncome": "1061731000",
            "otherNonOperatingIncome": "None",
            "depreciation": "9648000",
            "depreciationAndAmortization": "5800000",
            "incomeBeforeTax": "639409000",
            "incomeTaxExpense": "3242000",
            "interestAndDebtExpense": "None",
            "netIncomeFromContinuingOperations": "636209000",
            "comprehensiveIncomeNetOfTax": "635549000",
            "ebit": "638186000",
            "ebitda": "643986000",
            "netIncome": "636167000"
        },
        {
            "fiscalDateEnding": "2020-06-30",
            "reportedCurrency": "USD",
            "grossProfit": "147656000",
            "totalRevenue": "277998000",
            "costOfRevenue": "130342000",
            "costofGoodsAndServicesSold": "48244000",
            "operatingIncome": "-93965000",
            "sellingGeneralAndAdministrative": "125642000",
            "researchAndDevelopment": "198077000",
            "operatingExpenses": "328419000",
            "investmentIncomeNet": "2092000",
            "netInterestIncome": "None",
            "interestIncome": "None",
            "interestExpense": "None",
            "nonInterestIncome": "277998000",
            "otherNonOperatingIncome": "None",
            "depreciation": "10608000",
            "depreciationAndAmortization": "4700000",
            "incomeBeforeTax": "-21190000",
            "incomeTaxExpense": "None",
            "interestAndDebtExpense": "None",
            "netIncomeFromContinuingOperations": "-91873000",
            "comprehensiveIncomeNetOfTax": "-23200000",
            "ebit": "-93965000",
            "ebitda": "-89265000",
            "netIncome": "-21190000"
        },
        {
            "fiscalDateEnding": "2020-03-31",
            "reportedCurrency": "USD",
            "grossProfit": "53186000",
            "totalRevenue": "175435000",
            "costOfRevenue": "122249000",
            "costofGoodsAndServicesSold": "29421000",
            "operatingIncome": "-112355000",
            "sellingGeneralAndAdministrative": "122249000",
            "researchAndDevelopment": "195199000",
            "operatingExpenses": "317448000",
            "investmentIncomeNet": "3032000",
            "netInterestIncome": "None",
            "interestIncome": "56047000",
            "interestExpense": "None",
            "nonInterestIncome": "175435000",
            "otherNonOperatingIncome": "None",
            "depreciation": "5963000",
            "depreciationAndAmortization": "4000",
            "incomeBeforeTax": "-168402000",
            "incomeTaxExpense": "None",
            "interestAndDebtExpense": "None",
            "netIncomeFromContinuingOperations": "-109323000",
            "comprehensiveIncomeNetOfTax": "-165153000",
            "ebit": "-112355000",
            "ebitda": "-112351000",
            "netIncome": "-168402000"
        },
        {
            "fiscalDateEnding": "2019-12-31",
            "reportedCurrency": "USD",
            "grossProfit": "289804000",
            "totalRevenue": "289804000",
            "costOfRevenue": "139029000",
            "costofGoodsAndServicesSold": "11928000",
            "operatingIncome": "-38414000",
            "sellingGeneralAndAdministrative": "115229000",
            "researchAndDevelopment": "201061000",
            "operatingExpenses": "341943000",
            "investmentIncomeNet": "3862000",
            "netInterestIncome": "None",
            "interestIncome": "64244000",
            "interestExpense": "None",
            "nonInterestIncome": "289804000",
            "otherNonOperatingIncome": "None",
            "depreciation": "5874000",
            "depreciationAndAmortization": "23789000",
            "incomeBeforeTax": "25830000",
            "incomeTaxExpense": "0",
            "interestAndDebtExpense": "None",
            "netIncomeFromContinuingOperations": "289804000",
            "comprehensiveIncomeNetOfTax": "25757000",
            "ebit": "-38414000",
            "ebitda": "-14625000",
            "netIncome": "25830000"
        },
        {
            "fiscalDateEnding": "2019-09-30",
            "reportedCurrency": "USD",
            "grossProfit": "117162000",
            "totalRevenue": "213263000",
            "costOfRevenue": "96101000",
            "costofGoodsAndServicesSold": "10827000",
            "operatingIncome": "-89784000",
            "sellingGeneralAndAdministrative": "96101000",
            "researchAndDevelopment": "196119000",
            "operatingExpenses": "292220000",
            "investmentIncomeNet": "3561000",
            "netInterestIncome": "None",
            "interestIncome": "2129000",
            "interestExpense": "None",
            "nonInterestIncome": "213263000",
            "otherNonOperatingIncome": "None",
            "depreciation": "5679000",
            "depreciationAndAmortization": "4000",
            "incomeBeforeTax": "-91913000",
            "incomeTaxExpense": "0",
            "interestAndDebtExpense": "None",
            "netIncomeFromContinuingOperations": "-86223000",
            "comprehensiveIncomeNetOfTax": "-92097000",
            "ebit": "-89784000",
            "ebitda": "-89780000",
            "netIncome": "-91913000"
        },
        {
            "fiscalDateEnding": "2019-06-30",
            "reportedCurrency": "USD",
            "grossProfit": "136116000",
            "totalRevenue": "218447000",
            "costOfRevenue": "82331000",
            "costofGoodsAndServicesSold": "10897000",
            "operatingIncome": "-38710000",
            "sellingGeneralAndAdministrative": "82331000",
            "researchAndDevelopment": "163929000",
            "operatingExpenses": "246260000",
            "investmentIncomeNet": "2165000",
            "netInterestIncome": "None",
            "interestIncome": "40528000",
            "interestExpense": "None",
            "nonInterestIncome": "218447000",
            "otherNonOperatingIncome": "None",
            "depreciation": "None",
            "depreciationAndAmortization": "7373000",
            "incomeBeforeTax": "-79238000",
            "incomeTaxExpense": "None",
            "interestAndDebtExpense": "None",
            "netIncomeFromContinuingOperations": "-36545000",
            "comprehensiveIncomeNetOfTax": "-78968000",
            "ebit": "-38710000",
            "ebitda": "-71865000",
            "netIncome": "-79238000"
        },
        {
            "fiscalDateEnding": "2019-03-31",
            "reportedCurrency": "USD",
            "grossProfit": "114928000",
            "totalRevenue": "195199000",
            "costOfRevenue": "80271000",
            "costofGoodsAndServicesSold": "10300000",
            "operatingIncome": "-53637000",
            "sellingGeneralAndAdministrative": "80271000",
            "researchAndDevelopment": "158265000",
            "operatingExpenses": "238536000",
            "investmentIncomeNet": "2183000",
            "netInterestIncome": "None",
            "interestIncome": "40308000",
            "interestExpense": "None",
            "nonInterestIncome": "195199000",
            "otherNonOperatingIncome": "None",
            "depreciation": "None",
            "depreciationAndAmortization": "7365000",
            "incomeBeforeTax": "-13329000",
            "incomeTaxExpense": "None",
            "interestAndDebtExpense": "None",
            "netIncomeFromContinuingOperations": "-51454000",
            "comprehensiveIncomeNetOfTax": "-13073000",
            "ebit": "-53637000",
            "ebitda": "-5964000",
            "netIncome": "-13329000"
        },
        {
            "fiscalDateEnding": "2018-12-31",
            "reportedCurrency": "USD",
            "grossProfit": "174513000",
            "totalRevenue": "174513000",
            "costOfRevenue": "122867000",
            "costofGoodsAndServicesSold": "35585000",
            "operatingIncome": "-90311000",
            "sellingGeneralAndAdministrative": "79467000",
            "researchAndDevelopment": "149772000",
            "operatingExpenses": "254539000",
            "investmentIncomeNet": "2399000",
            "netInterestIncome": "None",
            "interestIncome": "None",
            "interestExpense": "None",
            "nonInterestIncome": "174513000",
            "otherNonOperatingIncome": "None",
            "depreciation": "None",
            "depreciationAndAmortization": "6987000",
            "incomeBeforeTax": "-143458000",
            "incomeTaxExpense": "-23653000",
            "interestAndDebtExpense": "None",
            "netIncomeFromContinuingOperations": "174513000",
            "comprehensiveIncomeNetOfTax": "-119540000",
            "ebit": "-90311000",
            "ebitda": "-136504000",
            "netIncome": "-119805000"
        },
        {
            "fiscalDateEnding": "2018-09-30",
            "reportedCurrency": "USD",
            "grossProfit": "112269000",
            "totalRevenue": "169424000",
            "costOfRevenue": "57155000",
            "costofGoodsAndServicesSold": "17668000",
            "operatingIncome": "-45574000",
            "sellingGeneralAndAdministrative": "57155000",
            "researchAndDevelopment": "140175000",
            "operatingExpenses": "197330000",
            "investmentIncomeNet": "1893000",
            "netInterestIncome": "None",
            "interestIncome": "None",
            "interestExpense": "None",
            "nonInterestIncome": "169424000",
            "otherNonOperatingIncome": "-21872000",
            "depreciation": "None",
            "depreciationAndAmortization": "5212000",
            "incomeBeforeTax": "-67446000",
            "incomeTaxExpense": "None",
            "interestAndDebtExpense": "None",
            "netIncomeFromContinuingOperations": "-67446000",
            "comprehensiveIncomeNetOfTax": "-67577000",
            "ebit": "-45574000",
            "ebitda": "-62234000",
            "netIncome": "-67446000"
        },
        {
            "fiscalDateEnding": "2018-06-30",
            "reportedCurrency": "USD",
            "grossProfit": "111881000",
            "totalRevenue": "170173000",
            "costOfRevenue": "58292000",
            "costofGoodsAndServicesSold": "19305000",
            "operatingIncome": "-30284000",
            "sellingGeneralAndAdministrative": "58292000",
            "researchAndDevelopment": "122860000",
            "operatingExpenses": "181152000",
            "investmentIncomeNet": "1085000",
            "netInterestIncome": "None",
            "interestIncome": "None",
            "interestExpense": "None",
            "nonInterestIncome": "170173000",
            "otherNonOperatingIncome": "106557000",
            "depreciation": "None",
            "depreciationAndAmortization": "6823000",
            "incomeBeforeTax": "76273000",
            "incomeTaxExpense": "None",
            "interestAndDebtExpense": "None",
            "netIncomeFromContinuingOperations": "76273000",
            "comprehensiveIncomeNetOfTax": "76363000",
            "ebit": "-30284000",
            "ebitda": "83096000",
            "netIncome": "76273000"
        }
    ]
}